symbol,expDate,openId,closeId,quantity,openDate,closeDate,openPrice,closePrice
/MESZ4,,1673,1672,1,2024-09-23T00:06:07-0500,2024-09-23T00:09:07-0500,0,1.25
/MESZ4,,1671,1670,1,2024-09-23T00:11:04-0500,2024-09-23T00:13:56-0500,0,2.5
/MESZ4,,1669,1668,2,2024-09-24T08:40:41-0500,2024-09-24T08:42:01-0500,0,3.75
/MESZ4,,1667,1664,3,2024-09-24T15:01:15-0500,2024-09-24T19:14:56-0500,0,20
/MESZ4,,1666,1664,2,2024-09-24T15:31:03-0500,2024-09-24T19:14:56-0500,0,20
/MESZ4,,1663,1662,5,2024-09-25T08:19:28-0500,2024-09-25T08:30:30-0500,0,15
/ESZ4,,1661,1660,1,2024-09-25T08:38:48-0500,2024-09-25T08:40:06-0500,0,75
/ESZ4,,1659,1658,1,2024-09-25T08:48:36-0500,2024-09-25T08:55:13-0500,0,37.5
/ESZ4,,1657,1655,1,2024-09-25T09:16:07-0500,2024-09-25T09:25:56-0500,0,137.5
/ESZ4,,1656,1655,1,2024-09-25T09:24:46-0500,2024-09-25T09:25:56-0500,0,137.5
/ESZ4,,1654,1651,1,2024-09-25T11:56:44-0500,2024-09-25T12:57:56-0500,0,-25
/ESZ4,,1653,1650,1,2024-09-25T12:01:28-0500,2024-09-25T12:59:41-0500,0,300
/ESZ4,,1652,1649,1,2024-09-25T12:22:13-0500,2024-09-25T13:24:05-0500,0,-37.5
/MESZ4,,1648,1647,2,2024-09-25T13:25:50-0500,2024-09-25T13:27:47-0500,0,5
/ESZ4,,1646,1645,1,2024-09-25T13:28:43-0500,2024-09-25T13:33:18-0500,0,-62.5
/MESZ4,,1644,1643,5,2024-09-25T13:35:56-0500,2024-09-25T13:45:29-0500,0,5
/MESZ4,,1642,1639,2,2024-09-25T20:31:42-0500,2024-09-25T20:46:40-0500,0,-8.75
/MESZ4,,1640,1638,1,2024-09-25T20:34:51-0500,2024-09-25T20:48:08-0500,0,-6.25
/MESZ4,,1641,1638,1,2024-09-25T20:34:51-0500,2024-09-25T20:48:08-0500,0,-6.25
/MESZ4,,1637,1635,2,2024-09-25T21:37:36-0500,2024-09-25T22:01:23-0500,0,-11.5
/MESZ4,,1636,1635,3,2024-09-25T21:38:59-0500,2024-09-25T22:01:23-0500,0,-11.5
/MESZ4,,1634,1632,2,2024-09-25T22:10:04-0500,2024-09-25T22:44:47-0500,0,-25.83
/MESZ4,,1633,1632,1,2024-09-25T22:11:00-0500,2024-09-25T22:44:47-0500,0,-25.83
/MESZ4,,1631,1626,1,2024-09-26T08:46:18-0500,2024-09-26T09:05:06-0500,0,-18.75
/MESZ4,,1630,1627,1,2024-09-26T08:46:25-0500,2024-09-26T09:05:06-0500,0,-27.5
/MESZ4,,1629,1627,1,2024-09-26T08:48:43-0500,2024-09-26T09:05:06-0500,0,-27.5
/MESZ4,,1628,1627,1,2024-09-26T08:55:30-0500,2024-09-26T09:05:06-0500,0,-27.5
/MESZ4,,1625,1623,2,2024-09-26T09:06:13-0500,2024-09-26T09:10:47-0500,0,8.33
/MESZ4,,1624,1623,1,2024-09-26T09:06:52-0500,2024-09-26T09:10:47-0500,0,8.33
/ESZ4,,1620,1619,1,2024-09-26T09:29:59-0500,2024-09-26T09:31:04-0500,0,50
/ESZ4,,1613,1612,1,2024-09-26T09:59:50-0500,2024-09-26T10:08:58-0500,0,425
/MESZ4,,1622,1607,1,2024-09-26T09:11:44-0500,2024-09-26T17:19:05-0500,0,37.5
/MESZ4,,1622,1606,1,2024-09-26T09:11:44-0500,2024-09-26T17:19:06-0500,0,37.5
/MESZ4,,1621,1605,1,2024-09-26T09:13:59-0500,2024-09-26T23:58:37-0500,0,15
/MESZ4,,1618,1604,1,2024-09-26T09:41:01-0500,2024-09-27T00:06:14-0500,0,18.75
/MESZ4,,1617,1603,1,2024-09-26T09:41:31-0500,2024-09-27T00:09:22-0500,0,20
/ESZ4,,1611,1601,1,2024-09-26T10:57:01-0500,2024-09-27T00:27:23-0500,0,-362.5
/ESZ4,,1608,1602,1,2024-09-26T17:17:21-0500,2024-09-27T00:27:23-0500,0,-37.5
/MESZ4,,1616,1600,1,2024-09-26T09:51:08-0500,2024-09-27T07:30:03-0500,0,27.5
/MESZ4,,1615,1598,1,2024-09-26T09:52:01-0500,2024-09-27T07:30:37-0500,0,37.5
/MESZ4,,1614,1599,1,2024-09-26T09:59:08-0500,2024-09-27T07:30:37-0500,0,37.5
/ESZ4,,1596,1595,1,2024-09-27T08:31:53-0500,2024-09-27T08:34:28-0500,0,50
/ESZ4,,1593,1591,1,2024-09-27T08:36:34-0500,2024-09-27T09:21:27-0500,0,250
/MESZ4,,1597,1590,2,2024-09-27T07:46:11-0500,2024-09-27T09:28:14-0500,0,20
/MESZ4,,1597,1589,3,2024-09-27T07:46:11-0500,2024-09-27T09:28:48-0500,0,35
/MESZ4,,1594,1589,1,2024-09-27T08:35:22-0500,2024-09-27T09:28:48-0500,0,35
/MESZ4,,1592,1589,1,2024-09-27T08:42:57-0500,2024-09-27T09:28:48-0500,0,35
/ESZ4,,1587,1586,1,2024-09-27T11:25:41-0500,2024-09-27T12:08:48-0500,0,-75
/ESZ4,,1585,1584,1,2024-09-27T12:23:58-0500,2024-09-27T13:00:49-0500,0,300
/ESZ4,,1582,1581,1,2024-09-27T13:52:15-0500,2024-09-27T13:57:00-0500,0,150
/MESZ4,,1588,1579,1,2024-09-27T11:21:02-0500,2024-09-27T14:04:34-0500,0,3.75
/MESZ4,,1588,1580,4,2024-09-27T11:21:02-0500,2024-09-27T14:04:34-0500,0,3.75
/MESZ4,,1583,1578,1,2024-09-27T13:39:55-0500,2024-09-27T14:04:35-0500,0,65
/ESZ4,,1577,1576,1,2024-09-29T22:12:21-0500,2024-09-29T23:30:34-0500,0,37.5
/ESZ4,,1575,1573,1,2024-09-30T11:35:50-0500,2024-09-30T12:00:00-0500,0,162.5
/MESZ4,,1574,1570,2,2024-09-30T11:40:48-0500,2024-09-30T12:21:41-0500,0,-1.25
/MESZ4,,1572,1570,1,2024-09-30T12:16:46-0500,2024-09-30T12:21:41-0500,0,-1.25
/MESZ4,,1572,1567,1,2024-09-30T12:16:46-0500,2024-09-30T12:55:01-0500,0,-18.75
/MESZ4,,1571,1567,1,2024-09-30T12:18:16-0500,2024-09-30T12:55:01-0500,0,-18.75
/MESZ4,,1569,1564,1,2024-09-30T12:23:32-0500,2024-09-30T12:59:22-0500,0,-11.25
/MESZ4,,1568,1564,1,2024-09-30T12:24:20-0500,2024-09-30T12:59:22-0500,0,-11.25
/MESZ4,,1565,1561,1,2024-09-30T12:56:00-0500,2024-09-30T13:15:00-0500,0,45
/MESZ4,,1566,1560,1,2024-09-30T12:56:00-0500,2024-09-30T13:15:09-0500,0,65.42
/MESZ4,,1563,1560,1,2024-09-30T13:01:23-0500,2024-09-30T13:15:09-0500,0,65.42
/MESZ4,,1562,1560,1,2024-09-30T13:08:20-0500,2024-09-30T13:15:09-0500,0,65.42
/MESZ4,,1558,1557,1,2024-09-30T14:00:00-0500,2024-09-30T14:10:24-0500,0,-10
/ESZ4,,1559,1555,1,2024-09-30T13:55:14-0500,2024-09-30T14:38:52-0500,0,175
/MESZ4,,1556,1554,2,2024-09-30T14:17:25-0500,2024-09-30T14:39:42-0500,0,55
/MESZ4,,1553,1543,2,2024-10-01T08:34:26-0500,2024-10-01T17:05:59-0500,0,-48.75
/MESZ4,,1552,1543,1,2024-10-01T08:35:51-0500,2024-10-01T17:05:59-0500,0,-48.75
/MESZ4,,1550,1543,1,2024-10-01T08:38:18-0500,2024-10-01T17:05:59-0500,0,-48.75
/ESZ4,,1551,1541,1,2024-10-01T08:36:07-0500,2024-10-01T23:36:19-0500,0,-343.75
/ESZ4,,1542,1541,1,2024-10-01T17:21:01-0500,2024-10-01T23:36:19-0500,0,-343.75
/MESZ4,,1549,1539,1,2024-10-01T08:45:16-0500,2024-10-01T23:56:18-0500,0,-61.25
/MESZ4,,1548,1539,1,2024-10-01T09:12:17-0500,2024-10-01T23:56:18-0500,0,-61.25
/MESZ4,,1547,1539,1,2024-10-01T10:58:06-0500,2024-10-01T23:56:18-0500,0,-61.25
/MESZ4,,1546,1539,1,2024-10-01T11:15:56-0500,2024-10-01T23:56:18-0500,0,-61.25
/ESZ4,,1540,1538,1,2024-10-01T23:45:03-0500,2024-10-01T23:56:20-0500,0,-250
/MESZ4,,1537,1535,2,2024-10-02T00:04:52-0500,2024-10-02T00:17:41-0500,0,-7.08
/MESZ4,,1536,1535,1,2024-10-02T00:06:12-0500,2024-10-02T00:17:41-0500,0,-7.08
/MESZ4,,1534,1533,2,2024-10-02T08:38:44-0500,2024-10-02T08:39:14-0500,0,13.75
/ESZ4,,1532,1531,1,2024-10-02T08:40:48-0500,2024-10-02T08:42:45-0500,0,112.5
/ESZ4,,1530,1528,1,2024-10-02T08:50:43-0500,2024-10-02T08:55:40-0500,0,75
/ESZ4,,1524,1523,1,2024-10-02T08:59:32-0500,2024-10-02T09:02:33-0500,0,137.5
/MESZ4,,1529,1522,2,2024-10-02T08:54:15-0500,2024-10-02T09:03:11-0500,0,35
/MESZ4,,1527,1522,1,2024-10-02T08:56:07-0500,2024-10-02T09:03:11-0500,0,35
/MESZ4,,1526,1522,1,2024-10-02T08:56:25-0500,2024-10-02T09:03:11-0500,0,35
/MESZ4,,1525,1522,1,2024-10-02T08:57:42-0500,2024-10-02T09:03:11-0500,0,35
/ESZ4,,1520,1519,1,2024-10-02T10:56:26-0500,2024-10-02T10:59:18-0500,0,-125
/MESZ4,,1521,1515,1,2024-10-02T10:52:44-0500,2024-10-02T11:07:37-0500,0,-13.75
/MESZ4,,1521,1516,1,2024-10-02T10:52:44-0500,2024-10-02T11:07:37-0500,0,-2.5
/MESZ4,,1517,1516,1,2024-10-02T11:01:35-0500,2024-10-02T11:07:37-0500,0,-2.5
/ESZ4,,1518,1512,1,2024-10-02T11:01:00-0500,2024-10-02T11:17:39-0500,0,100
/MESZ4,,1514,1511,3,2024-10-02T11:08:50-0500,2024-10-02T11:22:12-0500,0,30.31
/MESZ4,,1513,1511,1,2024-10-02T11:10:27-0500,2024-10-02T11:22:12-0500,0,30.31
/MESZ4,,1510,1508,3,2024-10-02T11:30:57-0500,2024-10-02T11:43:24-0500,0,3.44
/MESZ4,,1509,1508,1,2024-10-02T11:32:23-0500,2024-10-02T11:43:24-0500,0,3.44
/ESZ4,,1507,1506,1,2024-10-02T12:59:32-0500,2024-10-02T13:09:41-0500,0,50
/MESZ4,,1505,1502,1,2024-10-02T13:46:41-0500,2024-10-02T14:10:00-0500,0,17.08
/MESZ4,,1504,1502,1,2024-10-02T13:47:02-0500,2024-10-02T14:10:00-0500,0,17.08
/MESZ4,,1503,1502,1,2024-10-02T13:48:29-0500,2024-10-02T14:10:00-0500,0,17.08
/MESZ4,,1501,1498,2,2024-10-02T17:32:44-0500,2024-10-02T19:15:11-0500,0,40.31
/MESZ4,,1500,1498,1,2024-10-02T17:33:47-0500,2024-10-02T19:15:11-0500,0,40.31
/MESZ4,,1499,1498,1,2024-10-02T17:43:50-0500,2024-10-02T19:15:11-0500,0,40.31
/MESZ4,,1496,1490,1,2024-10-03T09:00:33-0500,2024-10-03T09:22:44-0500,0,87.5
/MESZ4,,1495,1491,1,2024-10-03T09:01:13-0500,2024-10-03T09:22:44-0500,0,115
/MESZ4,,1494,1492,1,2024-10-03T09:12:41-0500,2024-10-03T09:22:44-0500,0,52.5
/MESZ4,,1493,1492,1,2024-10-03T09:17:30-0500,2024-10-03T09:22:44-0500,0,52.5
/ESZ4,,1497,1489,1,2024-10-03T08:46:12-0500,2024-10-03T09:23:03-0500,0,75
/MESZ4,,1488,1487,2,2024-10-03T09:31:16-0500,2024-10-03T09:32:33-0500,0,-27.5
/MESZ4,,1486,1485,1,2024-10-03T21:52:52-0500,2024-10-03T21:53:53-0500,0,-5
/ESZ4,,1483,1481,1,2024-10-03T21:55:09-0500,2024-10-03T22:03:22-0500,0,12.5
/ESZ4,,1480,1479,1,2024-10-03T22:06:15-0500,2024-10-03T22:11:44-0500,0,-75
/MESZ4,,1484,1478,2,2024-10-03T21:54:28-0500,2024-10-03T22:14:16-0500,0,-0.83
/MESZ4,,1482,1478,1,2024-10-03T21:58:41-0500,2024-10-03T22:14:16-0500,0,-0.83
/MESZ4,,1477,1473,1,2024-10-03T22:19:12-0500,2024-10-03T22:43:21-0500,0,11.25
/MESZ4,,1477,1474,1,2024-10-03T22:19:12-0500,2024-10-03T22:43:21-0500,0,11.25
/MESZ4,,1476,1472,1,2024-10-03T22:19:47-0500,2024-10-03T22:45:37-0500,0,12.5
/MESZ4,,1475,1472,1,2024-10-03T22:22:55-0500,2024-10-03T22:45:37-0500,0,12.5
/MESZ4,,1471,1469,1,2024-10-04T08:22:41-0500,2024-10-04T08:24:01-0500,0,10
/MESZ4,,1470,1469,1,2024-10-04T08:23:00-0500,2024-10-04T08:24:01-0500,0,10
/MESZ4,,1468,1464,2,2024-10-04T08:24:45-0500,2024-10-04T08:37:08-0500,0,31
/MESZ4,,1467,1464,1,2024-10-04T08:25:48-0500,2024-10-04T08:37:08-0500,0,31
/MESZ4,,1466,1464,1,2024-10-04T08:30:00-0500,2024-10-04T08:37:08-0500,0,31
/MESZ4,,1465,1464,1,2024-10-04T08:31:14-0500,2024-10-04T08:37:08-0500,0,31
/ESZ4,,1462,1460,1,2024-10-06T19:10:21-0500,2024-10-06T19:34:54-0500,0,87.5
/MESZ4,,1463,1458,2,2024-10-06T19:09:25-0500,2024-10-06T19:48:10-0500,0,10
/MNQZ4,,1461,1454,2,2024-10-06T19:25:34-0500,2024-10-06T19:55:55-0500,0,-22.12
/MNQZ4,,1459,1454,2,2024-10-06T19:35:30-0500,2024-10-06T19:55:55-0500,0,-22.12
/MNQZ4,,1456,1455,1,2024-10-06T19:50:02-0500,2024-10-06T19:55:55-0500,0,-18.5
/MNQZ4,,1457,1455,1,2024-10-06T19:50:02-0500,2024-10-06T19:55:55-0500,0,-18.5
/MNQZ4,,1453,1446,1,2024-10-06T20:06:46-0500,2024-10-06T21:29:45-0500,0,35.4
/MNQZ4,,1452,1446,1,2024-10-06T20:08:51-0500,2024-10-06T21:29:45-0500,0,35.4
/MNQZ4,,1451,1446,1,2024-10-06T20:12:04-0500,2024-10-06T21:29:45-0500,0,35.4
/MNQZ4,,1450,1446,1,2024-10-06T20:16:32-0500,2024-10-06T21:29:45-0500,0,35.4
/MNQZ4,,1449,1446,1,2024-10-06T20:26:31-0500,2024-10-06T21:29:45-0500,0,35.4
/MESZ4,,1448,1444,1,2024-10-06T21:05:41-0500,2024-10-06T21:32:57-0500,0,16.25
/MESZ4,,1447,1445,1,2024-10-06T21:05:58-0500,2024-10-06T21:32:57-0500,0,13.75
/MNQZ4,,1443,1439,1,2024-10-07T11:13:40-0500,2024-10-07T11:56:10-0500,0,15.5
/MNQZ4,,1443,1437,1,2024-10-07T11:13:40-0500,2024-10-07T12:52:24-0500,0,30
/MNQZ4,,1442,1437,1,2024-10-07T11:14:10-0500,2024-10-07T12:52:24-0500,0,30
/MNQZ4,,1441,1434,1,2024-10-07T11:18:30-0500,2024-10-07T13:04:04-0500,0,42.5
/MNQZ4,,1440,1435,1,2024-10-07T11:29:45-0500,2024-10-07T13:04:04-0500,0,85.5
/MNQZ4,,1438,1436,1,2024-10-07T12:36:42-0500,2024-10-07T13:04:04-0500,0,95
/MNQZ4,,1433,1429,3,2024-10-08T11:18:06-0500,2024-10-08T12:10:59-0500,0,126.33
/MNQZ4,,1432,1430,1,2024-10-08T11:21:54-0500,2024-10-08T12:10:59-0500,0,123
/MNQZ4,,1431,1430,1,2024-10-08T11:23:08-0500,2024-10-08T12:10:59-0500,0,123
/NQZ4,,1428,1422,1,2024-10-08T12:11:18-0500,2024-10-09T04:19:52-0500,0,665
/ESZ4,,1418,1417,1,2024-10-09T08:38:21-0500,2024-10-09T09:33:11-0500,0,-612.5
/MESZ4,,1416,1411,2,2024-10-09T09:34:20-0500,2024-10-10T07:41:00-0500,0,118.75
/MESZ4,,1415,1411,1,2024-10-09T09:36:10-0500,2024-10-10T07:41:00-0500,0,118.75
/MESZ4,,1410,1408,2,2024-10-10T07:50:34-0500,2024-10-10T07:53:05-0500,0,10.42
/MESZ4,,1409,1408,1,2024-10-10T07:52:04-0500,2024-10-10T07:53:05-0500,0,10.42
/MESZ4,,1409,1407,1,2024-10-10T07:52:04-0500,2024-10-10T07:53:06-0500,0,16.25
/MESZ4,,1406,1403,2,2024-10-10T08:03:58-0500,2024-10-10T08:10:01-0500,0,20.31
/MESZ4,,1405,1403,1,2024-10-10T08:04:25-0500,2024-10-10T08:10:01-0500,0,20.31
/MESZ4,,1404,1403,1,2024-10-10T08:06:44-0500,2024-10-10T08:10:01-0500,0,20.31
/MESZ4,,1400,1397,2,2024-10-11T08:33:27-0500,2024-10-11T08:55:45-0500,0,-34.75
/MESZ4,,1399,1397,2,2024-10-11T08:37:27-0500,2024-10-11T08:55:45-0500,0,-34.75
/MESZ4,,1398,1397,1,2024-10-11T08:41:39-0500,2024-10-11T08:55:45-0500,0,-34.75
/MESZ4,,1396,1392,2,2024-10-11T09:04:10-0500,2024-10-11T11:50:08-0500,0,-29.75
/MESZ4,,1395,1392,1,2024-10-11T09:04:50-0500,2024-10-11T11:50:08-0500,0,-29.75
/MESZ4,,1394,1392,1,2024-10-11T09:07:22-0500,2024-10-11T11:50:08-0500,0,-29.75
/MESZ4,,1393,1392,1,2024-10-11T09:21:20-0500,2024-10-11T11:50:08-0500,0,-29.75
/MESZ4,,1391,1389,2,2024-10-11T11:55:28-0500,2024-10-11T12:37:10-0500,0,-20.83
/MESZ4,,1390,1389,1,2024-10-11T11:57:27-0500,2024-10-11T12:37:10-0500,0,-20.83
/MESZ4,,1386,1383,1,2024-10-11T13:27:18-0500,2024-10-11T13:57:15-0500,0,-2.5
/MESZ4,,1387,1384,1,2024-10-11T13:27:18-0500,2024-10-11T13:57:15-0500,0,-2.5
/MESZ4,,1388,1385,1,2024-10-11T13:27:18-0500,2024-10-11T13:57:15-0500,0,-2.5
/MESZ4,,1380,1379,1,2024-10-14T09:51:50-0500,2024-10-14T09:59:24-0500,0,21.25
/MESZ4,,1381,1379,1,2024-10-14T09:51:50-0500,2024-10-14T09:59:24-0500,0,21.25
/MNQZ4,,1427,1377,1,2024-10-08T12:21:31-0500,2024-10-15T09:42:02-0500,0,499.5
/MNQZ4,,1426,1377,1,2024-10-08T12:23:17-0500,2024-10-15T09:42:02-0500,0,499.5
/MNQZ4,,1423,1376,1,2024-10-08T19:00:00-0500,2024-10-15T09:43:07-0500,0,477.5
/MNQZ4,,1421,1376,1,2024-10-09T05:01:30-0500,2024-10-15T09:43:07-0500,0,477.5
/MNQZ4,,1420,1375,1,2024-10-09T05:04:30-0500,2024-10-15T09:45:09-0500,0,487.5
/MNQZ4,,1419,1375,1,2024-10-09T05:08:11-0500,2024-10-15T09:45:09-0500,0,487.5
/MNQZ4,,1414,1374,1,2024-10-09T09:39:09-0500,2024-10-15T09:46:43-0500,0,458
/MNQZ4,,1402,1373,1,2024-10-10T12:52:48-0500,2024-10-15T09:48:57-0500,0,434.5
/MNQZ4,,1372,1369,2,2024-10-15T13:20:05-0500,2024-10-15T13:24:14-0500,0,56
/ESZ4,,1367,1366,1,2024-10-15T14:04:27-0500,2024-10-15T14:09:38-0500,0,250
/MESZ4,,1370,1362,1,2024-10-15T13:23:01-0500,2024-10-16T02:14:10-0500,0,-25
/MESZ4,,1371,1362,1,2024-10-15T13:23:01-0500,2024-10-16T02:14:10-0500,0,-25
/MESZ4,,1363,1362,2,2024-10-15T21:47:56-0500,2024-10-16T02:14:10-0500,0,-25
/MNQZ4,,1368,1361,2,2024-10-15T13:26:37-0500,2024-10-16T02:21:20-0500,0,-4.5
/MNQZ4,,1358,1357,1,2024-10-16T08:37:52-0500,2024-10-16T08:39:46-0500,0,36
/MESZ4,,1360,1353,1,2024-10-16T08:35:02-0500,2024-10-16T09:11:50-0500,0,41.25
/MESZ4,,1359,1352,1,2024-10-16T08:35:48-0500,2024-10-16T09:13:23-0500,0,47.5
/MESZ4,,1356,1352,1,2024-10-16T08:41:11-0500,2024-10-16T09:13:23-0500,0,47.5
/MNQZ4,,1355,1351,1,2024-10-16T09:04:24-0500,2024-10-16T09:14:45-0500,0,73.5
/MNQZ4,,1354,1351,1,2024-10-16T09:09:40-0500,2024-10-16T09:14:45-0500,0,73.5
/ESZ4,,1350,1349,1,2024-10-16T09:17:01-0500,2024-10-16T09:22:58-0500,0,-87.5
/MESZ4,,1348,1347,1,2024-10-16T11:57:31-0500,2024-10-16T12:03:15-0500,0,6.25
/ESZ4,,1345,1344,1,2024-10-17T08:32:18-0500,2024-10-17T08:34:45-0500,0,437.5
/MESZ4,,1346,1343,2,2024-10-17T08:25:58-0500,2024-10-17T08:35:50-0500,0,80
/MESZ4,,1342,1340,2,2024-10-17T13:21:08-0500,2024-10-17T13:25:39-0500,0,-11.67
/MESZ4,,1341,1340,1,2024-10-17T13:22:19-0500,2024-10-17T13:25:39-0500,0,-11.67
/MNQZ4,,1338,1337,2,2024-10-17T14:20:33-0500,2024-10-17T14:34:10-0500,0,49
/MNQZ4,,1336,1335,2,2024-10-17T14:41:54-0500,2024-10-17T14:43:54-0500,0,3.5
/MESZ4,,1339,1334,2,2024-10-17T14:17:12-0500,2024-10-17T14:45:33-0500,0,30
/MESZ4,,1333,1331,2,2024-10-18T08:27:33-0500,2024-10-18T08:31:24-0500,0,23.75
/MNQZ4,,1332,1330,1,2024-10-18T08:29:41-0500,2024-10-18T08:33:22-0500,0,45.5
/MNQZ4,,1329,1327,1,2024-10-18T08:35:18-0500,2024-10-18T08:40:59-0500,0,-20.25
/MNQZ4,,1328,1327,1,2024-10-18T08:37:04-0500,2024-10-18T08:40:59-0500,0,-20.25
/MNQZ4,,1326,1321,1,2024-10-18T08:44:23-0500,2024-10-18T09:07:39-0500,0,-30
/MNQZ4,,1325,1322,1,2024-10-18T08:47:07-0500,2024-10-18T09:07:39-0500,0,-33.25
/MNQZ4,,1323,1322,1,2024-10-18T09:01:35-0500,2024-10-18T09:07:39-0500,0,-33.25
/MESZ4,,1324,1320,3,2024-10-18T08:47:47-0500,2024-10-18T09:08:10-0500,0,-12.5
/MNQZ4,,1318,1316,1,2024-10-18T09:12:51-0500,2024-10-18T09:21:07-0500,0,37.5
/MNQZ4,,1319,1317,1,2024-10-18T09:12:51-0500,2024-10-18T09:21:07-0500,0,37.5
/MNQZ4,,1315,1313,1,2024-10-18T09:22:39-0500,2024-10-18T09:27:40-0500,0,16
/MNQZ4,,1314,1313,1,2024-10-18T09:23:18-0500,2024-10-18T09:27:40-0500,0,16
/MESZ4,,1312,1310,2,2024-10-18T12:50:58-0500,2024-10-18T13:18:00-0500,0,-21.25
/MESZ4,,1311,1310,1,2024-10-18T12:51:44-0500,2024-10-18T13:18:00-0500,0,-21.25
/MESZ4,,1309,1306,1,2024-10-18T13:22:17-0500,2024-10-18T13:42:01-0500,0,11.25
/MESZ4,,1308,1305,1,2024-10-18T13:22:53-0500,2024-10-18T13:49:16-0500,0,8.75
/MESZ4,,1307,1304,1,2024-10-18T13:30:00-0500,2024-10-18T13:52:45-0500,0,20
/MESZ4,,1303,1302,1,2024-10-18T13:56:41-0500,2024-10-18T14:00:22-0500,0,7.5
/MESZ4,,1303,1301,1,2024-10-18T13:56:41-0500,2024-10-18T14:00:23-0500,0,7.5
/MNQZ4,,1299,1298,1,2024-10-18T14:06:58-0500,2024-10-18T14:15:53-0500,0,-18
/MNQZ4,,1300,1297,1,2024-10-18T14:06:58-0500,2024-10-18T14:16:27-0500,0,-16.5
/MNQZ4,,1296,1295,2,2024-10-20T19:19:00-0500,2024-10-20T19:31:55-0500,0,-6.5
/MNQZ4,,1294,1292,1,2024-10-20T19:32:40-0500,2024-10-20T19:42:07-0500,0,-19.5
/MNQZ4,,1294,1293,1,2024-10-20T19:32:40-0500,2024-10-20T19:42:07-0500,0,-19
/MNQZ4,,1290,1288,1,2024-10-20T23:18:01-0500,2024-10-21T04:09:03-0500,0,70.75
/MNQZ4,,1289,1288,1,2024-10-20T23:23:38-0500,2024-10-21T04:09:03-0500,0,70.75
/MESZ4,,1291,1287,2,2024-10-20T23:05:04-0500,2024-10-21T05:51:10-0500,0,100
/MNQZ4,,1286,1285,1,2024-10-21T08:53:51-0500,2024-10-21T08:55:00-0500,0,7.5
/MNQZ4,,1284,1282,1,2024-10-21T08:55:22-0500,2024-10-21T09:02:48-0500,0,-6
/MNQZ4,,1283,1282,1,2024-10-21T08:55:45-0500,2024-10-21T09:02:48-0500,0,-6
/MNQZ4,,1281,1277,1,2024-10-21T09:03:20-0500,2024-10-21T09:15:45-0500,0,-39.37
/MNQZ4,,1280,1277,1,2024-10-21T09:05:30-0500,2024-10-21T09:15:45-0500,0,-39.37
/MNQZ4,,1279,1277,1,2024-10-21T09:06:22-0500,2024-10-21T09:15:45-0500,0,-39.37
/MNQZ4,,1278,1277,1,2024-10-21T09:10:17-0500,2024-10-21T09:15:45-0500,0,-39.37
/MNQZ4,,1276,1274,3,2024-10-21T09:16:16-0500,2024-10-21T09:22:22-0500,0,-1
/MNQZ4,,1275,1274,1,2024-10-21T09:16:48-0500,2024-10-21T09:22:22-0500,0,-1
/MNQZ4,,1273,1270,2,2024-10-21T09:23:43-0500,2024-10-21T09:27:54-0500,0,23.87
/MNQZ4,,1272,1270,1,2024-10-21T09:24:28-0500,2024-10-21T09:27:54-0500,0,23.87
/MNQZ4,,1271,1270,1,2024-10-21T09:25:19-0500,2024-10-21T09:27:54-0500,0,23.87
/MNQZ4,,1269,1268,1,2024-10-21T09:29:13-0500,2024-10-21T09:29:47-0500,0,-7.5
/MNQZ4,,1267,1265,2,2024-10-21T09:30:54-0500,2024-10-21T09:36:49-0500,0,31.5
/MNQZ4,,1266,1265,1,2024-10-21T09:32:35-0500,2024-10-21T09:36:49-0500,0,31.5
/MESZ4,,1262,1260,2,2024-10-22T07:11:00-0500,2024-10-22T07:32:16-0500,0,-22.5
/MNQZ4,,1264,1259,1,2024-10-22T06:59:45-0500,2024-10-22T07:34:17-0500,0,-8.5
/MNQZ4,,1263,1259,1,2024-10-22T07:00:16-0500,2024-10-22T07:34:17-0500,0,-8.5
/MNQZ4,,1261,1258,2,2024-10-22T07:32:07-0500,2024-10-22T07:34:22-0500,0,-30.5
/MNQZ4,,1257,1253,1,2024-10-22T07:42:12-0500,2024-10-22T08:13:04-0500,0,18.25
/MNQZ4,,1256,1253,1,2024-10-22T07:42:19-0500,2024-10-22T08:13:04-0500,0,18.25
/MNQZ4,,1255,1253,1,2024-10-22T07:44:02-0500,2024-10-22T08:13:04-0500,0,18.25
/MNQZ4,,1254,1253,1,2024-10-22T07:53:15-0500,2024-10-22T08:13:04-0500,0,18.25
/MESZ4,,1250,1248,2,2024-10-22T08:16:54-0500,2024-10-22T08:29:35-0500,0,15
/MNQZ4,,1252,1247,1,2024-10-22T08:15:00-0500,2024-10-22T08:30:14-0500,0,39.83
/MNQZ4,,1251,1247,1,2024-10-22T08:15:45-0500,2024-10-22T08:30:14-0500,0,39.83
/MNQZ4,,1249,1247,1,2024-10-22T08:17:40-0500,2024-10-22T08:30:14-0500,0,39.83
/MNQZ4,,1246,1244,1,2024-10-22T08:39:02-0500,2024-10-22T08:42:22-0500,0,24.5
/MNQZ4,,1245,1244,1,2024-10-22T08:39:27-0500,2024-10-22T08:42:22-0500,0,24.5
/MESZ4,,1243,1242,2,2024-10-22T08:50:33-0500,2024-10-22T09:06:21-0500,0,25
/MESZ4,,1241,1239,1,2024-10-22T09:06:48-0500,2024-10-22T09:22:40-0500,0,-33.33
/MESZ4,,1240,1239,2,2024-10-22T09:07:13-0500,2024-10-22T09:22:40-0500,0,-33.33
/MNQZ4,,1238,1235,2,2024-10-22T11:05:59-0500,2024-10-22T11:16:37-0500,0,-13.33
/MNQZ4,,1237,1235,1,2024-10-22T11:06:26-0500,2024-10-22T11:16:37-0500,0,-13.33
/MESZ4,,1236,1232,1,2024-10-22T11:08:46-0500,2024-10-22T11:26:16-0500,0,10
/MNQZ4,,1234,1231,1,2024-10-22T11:20:47-0500,2024-10-22T11:40:34-0500,0,52
/MNQZ4,,1233,1231,1,2024-10-22T11:21:19-0500,2024-10-22T11:40:34-0500,0,52
/MESZ4,,1230,1228,2,2024-10-22T11:43:46-0500,2024-10-22T11:49:29-0500,0,-13.33
/MESZ4,,1229,1228,1,2024-10-22T11:44:11-0500,2024-10-22T11:49:29-0500,0,-13.33
/MESZ4,,1227,1226,2,2024-10-23T00:16:04-0500,2024-10-23T01:32:42-0500,0,-18.75
/ESZ4,,1225,1224,1,2024-10-23T08:32:55-0500,2024-10-23T08:34:05-0500,0,175
/MNQZ4,,1222,1221,2,2024-10-23T08:36:02-0500,2024-10-23T08:47:40-0500,0,14.5
/MNQZ4,,1220,1217,1,2024-10-23T08:49:01-0500,2024-10-23T09:40:16-0500,0,-13.5
/MNQZ4,,1220,1218,1,2024-10-23T08:49:01-0500,2024-10-23T09:40:16-0500,0,-13.5
/MNQZ4,,1220,1216,1,2024-10-23T08:49:01-0500,2024-10-23T09:41:11-0500,0,41
/MNQZ4,,1219,1216,1,2024-10-23T09:05:19-0500,2024-10-23T09:41:11-0500,0,41
/MESZ4,,1223,1213,3,2024-10-23T08:34:22-0500,2024-10-23T09:51:44-0500,0,-22.5
/MNQZ4,,1215,1212,1,2024-10-23T09:42:29-0500,2024-10-23T09:52:36-0500,0,-30.75
/MNQZ4,,1214,1212,1,2024-10-23T09:43:23-0500,2024-10-23T09:52:36-0500,0,-30.75
/ESZ4,,1211,1210,1,2024-10-23T11:37:02-0500,2024-10-23T11:42:50-0500,0,12.5
/MESZ4,,1207,1206,1,2024-10-23T11:54:48-0500,2024-10-23T11:57:21-0500,0,-20
/MESZ4,,1205,1204,1,2024-10-23T12:00:45-0500,2024-10-23T12:04:09-0500,0,27.5
/MNQZ4,,1208,1203,1,2024-10-23T11:44:10-0500,2024-10-23T12:24:12-0500,0,-197
/MESZ4,,1202,1201,1,2024-10-23T12:37:36-0500,2024-10-23T12:41:05-0500,0,-7.5
/ESZ4,,1209,1200,1,2024-10-23T11:43:40-0500,2024-10-23T12:43:45-0500,0,-1087.5
/MESZ4,,1199,1198,2,2024-10-23T12:44:52-0500,2024-10-23T12:46:02-0500,0,3.75
/MESZ4,,1197,1192,2,2024-10-23T12:47:38-0500,2024-10-23T14:34:44-0500,0,48.75
/MESZ4,,1196,1192,1,2024-10-23T12:48:00-0500,2024-10-23T14:34:44-0500,0,48.75
/MESZ4,,1195,1192,1,2024-10-23T12:49:03-0500,2024-10-23T14:34:44-0500,0,48.75
/MESZ4,,1194,1192,1,2024-10-23T12:52:25-0500,2024-10-23T14:34:44-0500,0,48.75
/MNQZ4,,1208,1190,1,2024-10-23T11:44:10-0500,2024-10-23T14:38:25-0500,0,18.5
/MNQZ4,,1193,1190,1,2024-10-23T13:23:22-0500,2024-10-23T14:38:25-0500,0,18.5
/MESZ4,,1191,1188,3,2024-10-23T14:37:57-0500,2024-10-23T15:18:01-0500,0,56.25
/MESZ4,,1189,1186,2,2024-10-23T14:45:55-0500,2024-10-23T21:25:00-0500,0,63.75
/MNQZ4,,1185,1183,1,2024-10-23T21:35:09-0500,2024-10-24T03:23:04-0500,0,153.5
/MNQZ4,,1184,1183,1,2024-10-23T21:35:10-0500,2024-10-24T03:23:04-0500,0,153.5
/MNQZ4,,1182,1181,2,2024-10-24T08:47:12-0500,2024-10-24T08:48:40-0500,0,11.5
/MNQZ4,,1180,1179,2,2024-10-24T08:49:09-0500,2024-10-24T08:51:15-0500,0,-37
/MESZ4,,1178,1177,2,2024-10-24T10:42:47-0500,2024-10-24T10:49:00-0500,0,46.25
/MESZ4,,1176,1175,3,2024-10-24T10:55:13-0500,2024-10-24T11:06:28-0500,0,-21.25
/MESZ4,,1174,1172,1,2024-10-24T11:11:58-0500,2024-10-24T11:16:00-0500,0,10
/MESZ4,,1174,1173,2,2024-10-24T11:11:58-0500,2024-10-24T11:16:00-0500,0,10
/MESZ4,,1171,1168,1,2024-10-24T11:22:26-0500,2024-10-24T11:32:00-0500,0,60
/MESZ4,,1170,1168,1,2024-10-24T11:22:42-0500,2024-10-24T11:32:00-0500,0,60
/MESZ4,,1170,1169,1,2024-10-24T11:22:42-0500,2024-10-24T11:32:00-0500,0,63.75
/MESZ4,,1167,1165,2,2024-10-24T14:32:24-0500,2024-10-24T14:39:49-0500,0,-15.83
/MESZ4,,1166,1165,1,2024-10-24T14:33:03-0500,2024-10-24T14:39:49-0500,0,-15.83
/MESZ4,,1164,1163,3,2024-10-24T14:41:24-0500,2024-10-24T14:59:54-0500,0,-13.75
/MESZ4,,1162,1161,1,2024-10-24T15:08:47-0500,2024-10-24T15:10:29-0500,0,2.5
/MESZ4,,1160,1159,1,2024-10-24T15:11:00-0500,2024-10-24T15:12:23-0500,0,6.25
/MNQZ4,,1158,1156,2,2024-10-24T15:15:53-0500,2024-10-24T15:25:31-0500,0,24
/MNQZ4,,1158,1153,1,2024-10-24T15:15:53-0500,2024-10-24T15:44:07-0500,0,60
/MNQZ4,,1155,1151,1,2024-10-24T15:34:08-0500,2024-10-24T15:59:59-0500,0,1.5
/MNQZ4,,1154,1152,1,2024-10-24T15:34:10-0500,2024-10-24T15:59:59-0500,0,2
/MESZ4,,1157,1149,2,2024-10-24T15:20:53-0500,2024-10-24T17:04:33-0500,0,-7.5
/MNQZ4,,1148,1147,2,2024-10-25T08:46:02-0500,2024-10-25T08:51:38-0500,0,52
/MESZ4,,1145,1143,1,2024-10-25T08:59:53-0500,2024-10-25T09:05:45-0500,0,25
/MESZ4,,1146,1142,1,2024-10-25T08:59:53-0500,2024-10-25T09:10:35-0500,0,25
/MESZ4,,1144,1142,1,2024-10-25T09:03:08-0500,2024-10-25T09:10:35-0500,0,25
/MESZ4,,1141,1140,2,2024-10-25T09:49:16-0500,2024-10-25T09:50:26-0500,0,-15
/MESZ4,,1139,1137,2,2024-10-25T09:50:49-0500,2024-10-25T10:28:11-0500,0,46.25
/MESZ4,,1138,1137,1,2024-10-25T09:51:11-0500,2024-10-25T10:28:11-0500,0,46.25
/MNQZ4,,1135,1134,2,2024-10-27T21:17:06-0500,2024-10-27T22:40:52-0500,0,-47
/MESZ4,,1136,1133,2,2024-10-27T19:33:51-0500,2024-10-27T22:41:02-0500,0,-45
/MNQZ4,,1131,1129,1,2024-10-27T23:33:40-0500,2024-10-28T00:46:30-0500,0,-12.5
/MNQZ4,,1130,1129,1,2024-10-27T23:33:42-0500,2024-10-28T00:46:30-0500,0,-12.5
/MESZ4,,1132,1128,2,2024-10-27T23:31:39-0500,2024-10-28T00:49:47-0500,0,-10
/MNQZ4,,1127,1126,2,2024-10-28T10:31:41-0500,2024-10-28T10:32:36-0500,0,25.5
/MNQZ4,,1125,1124,2,2024-10-28T11:01:43-0500,2024-10-28T11:10:33-0500,0,-32.5
/MNQZ4,,1123,1118,2,2024-10-28T18:44:56-0500,2024-10-28T19:06:23-0500,0,-32.75
/MNQZ4,,1121,1119,1,2024-10-28T18:47:20-0500,2024-10-28T19:06:23-0500,0,-33.5
/MNQZ4,,1117,1113,1,2024-10-28T19:07:39-0500,2024-10-28T19:35:44-0500,0,62
/MNQZ4,,1116,1114,1,2024-10-28T19:08:05-0500,2024-10-28T19:35:44-0500,0,43
/MNQZ4,,1115,1114,1,2024-10-28T19:09:05-0500,2024-10-28T19:35:44-0500,0,43
/MESZ4,,1122,1109,1,2024-10-28T18:45:55-0500,2024-10-28T22:53:54-0500,0,-28.12
/MESZ4,,1120,1109,1,2024-10-28T19:06:06-0500,2024-10-28T22:53:54-0500,0,-28.12
/MNQZ4,,1112,1108,1,2024-10-28T19:38:46-0500,2024-10-28T23:00:59-0500,0,-116.5
/MNQZ4,,1111,1107,1,2024-10-28T19:39:33-0500,2024-10-28T23:01:01-0500,0,-99.25
/MNQZ4,,1110,1107,1,2024-10-28T22:28:02-0500,2024-10-28T23:01:01-0500,0,-99.25
/MNQZ4,,1106,1104,1,2024-10-28T23:07:00-0500,2024-10-28T23:19:08-0500,0,32.25
/MNQZ4,,1105,1104,1,2024-10-28T23:07:29-0500,2024-10-28T23:19:08-0500,0,32.25
/MNQZ4,,1103,1101,1,2024-10-28T23:23:41-0500,2024-10-28T23:29:07-0500,0,4.25
/MNQZ4,,1102,1101,1,2024-10-28T23:25:26-0500,2024-10-28T23:29:07-0500,0,4.25
/MESZ4,,1100,1098,2,2024-10-28T23:35:07-0500,2024-10-28T23:48:44-0500,0,6.25
/MNQZ4,,1099,1097,1,2024-10-28T23:38:55-0500,2024-10-28T23:53:14-0500,0,-8.5
/MNQZ4,,1099,1096,1,2024-10-28T23:38:55-0500,2024-10-28T23:53:43-0500,0,-10.5
/MESZ4,,1095,1094,2,2024-10-29T09:06:09-0500,2024-10-29T09:20:26-0500,0,-11.25
/MNQZ4,,1093,1092,1,2024-10-29T11:28:10-0500,2024-10-29T11:39:39-0500,0,-6.5
/MNQZ4,,1091,1090,2,2024-10-29T11:52:20-0500,2024-10-29T11:55:38-0500,0,-22.5
/MNQZ4,,1089,1087,1,2024-10-29T14:40:29-0500,2024-10-29T14:49:30-0500,0,-28.5
/MESZ4,,1085,1084,3,2024-10-29T14:53:55-0500,2024-10-29T14:59:24-0500,0,18.75
/MNQZ4,,1088,1083,1,2024-10-29T14:42:05-0500,2024-10-29T15:00:33-0500,0,74
/MNQZ4,,1086,1083,1,2024-10-29T14:50:26-0500,2024-10-29T15:00:33-0500,0,74
/MESZ4,,1079,1078,1,2024-10-30T01:11:05-0500,2024-10-30T01:14:21-0500,0,6.25
/MNQZ4,,1082,1077,1,2024-10-30T00:57:36-0500,2024-10-30T01:20:41-0500,0,-51.5
/MNQZ4,,1081,1076,1,2024-10-30T00:58:58-0500,2024-10-30T01:26:34-0500,0,-39
/MNQZ4,,1080,1076,1,2024-10-30T01:05:58-0500,2024-10-30T01:26:34-0500,0,-39
/MNQZ4,,1075,1073,1,2024-10-30T01:27:42-0500,2024-10-30T01:30:58-0500,0,5
/MNQZ4,,1074,1073,1,2024-10-30T01:28:53-0500,2024-10-30T01:30:58-0500,0,5
/MNQZ4,,1072,1071,2,2024-10-30T08:40:25-0500,2024-10-30T08:41:34-0500,0,64
/MNQZ4,,1070,1068,1,2024-10-30T12:37:49-0500,2024-10-30T12:39:53-0500,0,37
/MNQZ4,,1069,1068,1,2024-10-30T12:38:44-0500,2024-10-30T12:39:53-0500,0,37
/MESZ4,,1067,1066,1,2024-10-31T09:06:04-0500,2024-10-31T09:09:24-0500,0,-5
/MESZ4,,1065,1064,1,2024-10-31T09:15:19-0500,2024-10-31T09:16:54-0500,0,8.75
/MNQZ4,,1063,1062,1,2024-10-31T09:20:13-0500,2024-10-31T09:26:09-0500,0,-36
/MNQZ4,,1061,1057,1,2024-10-31T09:26:47-0500,2024-11-01T08:11:46-0500,0,147.5
/MNQZ4,,1060,1056,1,2024-10-31T09:28:42-0500,2024-11-01T08:19:50-0500,0,157
/MNQZ4,,1059,1055,1,2024-10-31T09:48:53-0500,2024-11-01T08:31:34-0500,0,161.5
/MNQZ4,,1054,1053,1,2024-11-01T12:43:04-0500,2024-11-01T12:43:33-0500,0,16
/MNQZ4,,1052,1049,1,2024-11-01T12:44:44-0500,2024-11-01T13:08:15-0500,0,58.67
/MNQZ4,,1051,1049,1,2024-11-01T12:45:59-0500,2024-11-01T13:08:15-0500,0,58.67
/MNQZ4,,1050,1049,1,2024-11-01T12:47:22-0500,2024-11-01T13:08:15-0500,0,58.67
/MESZ4,,1048,1045,1,2024-11-05T10:04:27-0600,2024-11-05T10:24:11-0600,0,-40.83
/MESZ4,,1047,1045,1,2024-11-05T10:05:43-0600,2024-11-05T10:24:11-0600,0,-40.83
/MESZ4,,1046,1045,1,2024-11-05T10:08:06-0600,2024-11-05T10:24:11-0600,0,-40.83
/MESZ4,,1044,1042,1,2024-11-05T10:53:19-0600,2024-11-05T11:10:16-0600,0,-16.25
/MESZ4,,1043,1042,1,2024-11-05T10:56:27-0600,2024-11-05T11:10:16-0600,0,-16.25
/MESZ4,,1041,1038,1,2024-11-05T11:11:27-0600,2024-11-05T11:46:51-0600,0,-34.17
/MESZ4,,1040,1038,1,2024-11-05T11:12:15-0600,2024-11-05T11:46:51-0600,0,-34.17
/MESZ4,,1039,1038,1,2024-11-05T11:18:26-0600,2024-11-05T11:46:51-0600,0,-34.17
/MESZ4,,1037,1034,1,2024-11-05T11:55:38-0600,2024-11-05T14:58:48-0600,0,-3.33
/MESZ4,,1036,1034,1,2024-11-05T11:56:09-0600,2024-11-05T14:58:48-0600,0,-3.33
/MESZ4,,1035,1034,1,2024-11-05T11:57:42-0600,2024-11-05T14:58:48-0600,0,-3.33
/NQZ4,,1032,1031,1,2024-11-07T11:26:48-0600,2024-11-07T11:28:19-0600,0,35
/MESZ4,,1033,1026,1,2024-11-07T11:25:02-0600,2024-11-07T12:18:47-0600,0,20
/MNQZ4,,1030,1025,1,2024-11-07T11:28:39-0600,2024-11-07T12:24:05-0600,0,6.17
/MNQZ4,,1029,1025,1,2024-11-07T11:29:09-0600,2024-11-07T12:24:05-0600,0,6.17
/MNQZ4,,1028,1025,1,2024-11-07T11:36:38-0600,2024-11-07T12:24:05-0600,0,6.17
/MESZ4,,1033,1024,1,2024-11-07T11:25:02-0600,2024-11-07T12:24:35-0600,0,19.37
/MESZ4,,1027,1024,1,2024-11-07T11:58:22-0600,2024-11-07T12:24:35-0600,0,19.37
/MNQZ4,,1023,1021,1,2024-11-07T12:32:07-0600,2024-11-07T12:42:46-0600,0,10.5
/MESZ4,,1022,1020,1,2024-11-07T12:33:24-0600,2024-11-07T12:45:20-0600,0,5
/MESZ4,,1019,1017,1,2024-11-11T09:47:01-0600,2024-11-11T09:49:52-0600,0,-9.37
/MESZ4,,1018,1017,1,2024-11-11T09:47:36-0600,2024-11-11T09:49:52-0600,0,-9.37
/MNQZ4,,1016,1014,1,2024-11-12T00:22:57-0600,2024-11-12T01:06:23-0600,0,-35.5
/MNQZ4,,1015,1014,1,2024-11-12T00:26:59-0600,2024-11-12T01:06:23-0600,0,-35.5
/MNQZ4,,1013,1011,1,2024-11-12T10:45:44-0600,2024-11-12T10:49:56-0600,0,27.75
/MNQZ4,,1012,1011,1,2024-11-12T10:47:13-0600,2024-11-12T10:49:56-0600,0,27.75
/MNQZ4,,1010,1007,1,2024-11-12T10:50:24-0600,2024-11-12T10:58:35-0600,0,20.5
/MNQZ4,,1009,1007,1,2024-11-12T10:51:25-0600,2024-11-12T10:58:35-0600,0,20.5
/MNQZ4,,1008,1007,1,2024-11-12T10:52:23-0600,2024-11-12T10:58:35-0600,0,20.5
/MNQZ4,,1006,1003,1,2024-11-12T11:07:28-0600,2024-11-12T11:26:39-0600,0,12.5
/MNQZ4,,1005,1003,1,2024-11-12T11:12:34-0600,2024-11-12T11:26:39-0600,0,12.5
/MNQZ4,,1004,1003,1,2024-11-12T11:20:44-0600,2024-11-12T11:26:39-0600,0,12.5
/MNQZ4,,1002,1000,1,2024-11-12T11:37:00-0600,2024-11-12T11:43:12-0600,0,-32.75
/MNQZ4,,1001,1000,1,2024-11-12T11:37:51-0600,2024-11-12T11:43:12-0600,0,-32.75
/MNQZ4,,999,998,1,2024-11-12T11:44:59-0600,2024-11-12T11:47:03-0600,0,-9.5
/MNQZ4,,997,995,2,2024-11-12T14:14:51-0600,2024-11-12T14:38:23-0600,0,-21
/MESZ4,,996,993,1,2024-11-12T14:35:02-0600,2024-11-12T14:45:43-0600,0,-7.5
/MNQZ4,,992,991,2,2024-11-12T14:52:02-0600,2024-11-12T14:53:55-0600,0,17.5
/NQZ4,,994,990,1,2024-11-12T14:42:10-0600,2024-11-12T15:07:09-0600,0,-180
/NQZ4,,989,988,1,2024-11-12T15:17:33-0600,2024-11-12T15:23:22-0600,0,-65
/MNQZ4,,987,984,1,2024-11-12T15:26:32-0600,2024-11-12T15:30:05-0600,0,4
/MNQZ4,,986,985,1,2024-11-12T15:27:13-0600,2024-11-12T15:30:05-0600,0,1.5
/MNQZ4,,983,981,1,2024-11-12T17:16:39-0600,2024-11-12T17:41:49-0600,0,13
/MNQZ4,,982,980,1,2024-11-12T17:17:24-0600,2024-11-12T17:41:50-0600,0,12.5
/MNQZ4,,979,977,1,2024-11-12T17:42:41-0600,2024-11-12T22:02:27-0600,0,13
/MNQZ4,,978,977,1,2024-11-12T21:39:45-0600,2024-11-12T22:02:27-0600,0,13
/ESZ4,,974,973,1,2024-11-13T08:46:08-0600,2024-11-13T08:48:38-0600,0,125
/MNQZ4,,976,972,1,2024-11-13T08:41:37-0600,2024-11-13T08:48:55-0600,0,37.25
/MNQZ4,,975,972,1,2024-11-13T08:42:08-0600,2024-11-13T08:48:55-0600,0,37.25
/MNQZ4,,971,967,1,2024-11-13T08:51:29-0600,2024-11-13T09:01:01-0600,0,71
/MNQZ4,,970,968,1,2024-11-13T08:51:47-0600,2024-11-13T09:01:01-0600,0,71.5
/MNQZ4,,969,968,1,2024-11-13T08:53:46-0600,2024-11-13T09:01:01-0600,0,71.5
/MNQZ4,,966,964,1,2024-11-13T09:10:28-0600,2024-11-13T09:14:38-0600,0,40
/MNQZ4,,965,964,1,2024-11-13T09:11:04-0600,2024-11-13T09:14:38-0600,0,40
/ESZ4,,963,962,1,2024-11-13T10:49:39-0600,2024-11-13T10:53:24-0600,0,12.5
/MNQZ4,,961,957,1,2024-11-13T13:03:31-0600,2024-11-13T13:12:40-0600,0,38
/MNQZ4,,960,958,1,2024-11-13T13:04:42-0600,2024-11-13T13:12:40-0600,0,45.5
/NQZ4,,956,955,1,2024-11-13T13:14:40-0600,2024-11-13T13:16:56-0600,0,140
/NQZ4,,954,953,1,2024-11-13T13:17:34-0600,2024-11-13T13:17:57-0600,0,65
/ESZ4,,959,951,1,2024-11-13T13:10:41-0600,2024-11-13T13:19:58-0600,0,262.5
/MNQZ4,,952,949,1,2024-11-13T13:18:22-0600,2024-11-13T13:20:28-0600,0,39.5
/MNQZ4,,952,950,1,2024-11-13T13:18:22-0600,2024-11-13T13:20:28-0600,0,40
/MNQZ4,,948,946,1,2024-11-13T13:34:03-0600,2024-11-13T13:36:18-0600,0,28.5
/MNQZ4,,947,946,1,2024-11-13T13:34:32-0600,2024-11-13T13:36:18-0600,0,28.5
/MNQZ4,,945,943,1,2024-11-13T19:24:18-0600,2024-11-13T19:48:00-0600,0,-22.25
/MNQZ4,,944,943,1,2024-11-13T19:26:13-0600,2024-11-13T19:48:00-0600,0,-22.25
/MESZ4,,942,938,1,2024-11-14T20:25:28-0600,2024-11-14T21:38:38-0600,0,22.5
/MESZ4,,941,937,1,2024-11-14T20:25:34-0600,2024-11-14T21:38:41-0600,0,25
/MNQZ4,,940,936,1,2024-11-14T20:29:07-0600,2024-11-14T21:40:04-0600,0,32
/MNQZ4,,939,936,1,2024-11-14T20:30:46-0600,2024-11-14T21:40:04-0600,0,32
/NQZ4,,935,933,1,2024-11-14T21:40:55-0600,2024-11-14T23:17:29-0600,0,40
/MNQZ4,,932,929,1,2024-11-14T23:18:07-0600,2024-11-15T01:25:36-0600,0,-128.83
/MNQZ4,,931,929,1,2024-11-14T23:19:18-0600,2024-11-15T01:25:36-0600,0,-128.83
/MNQZ4,,930,929,1,2024-11-14T23:56:22-0600,2024-11-15T01:25:36-0600,0,-128.83
/ESZ4,,934,928,1,2024-11-14T21:41:10-0600,2024-11-15T01:25:49-0600,0,-912.5
/MNQZ4,,927,925,1,2024-11-15T06:42:33-0600,2024-11-15T07:18:09-0600,0,-26.5
/MNQZ4,,926,925,1,2024-11-15T06:42:36-0600,2024-11-15T07:18:09-0600,0,-26.5
/MNQZ4,,924,923,1,2024-11-15T09:03:05-0600,2024-11-15T09:04:45-0600,0,18.5
/MNQZ4,,922,921,1,2024-11-15T09:09:36-0600,2024-11-15T09:12:26-0600,0,15
/MNQZ4,,920,919,1,2024-11-15T09:15:54-0600,2024-11-15T09:17:50-0600,0,-12
/MNQZ4,,918,917,1,2024-11-15T09:19:25-0600,2024-11-15T09:20:51-0600,0,19
/MNQZ4,,916,915,1,2024-11-15T09:22:14-0600,2024-11-15T09:25:48-0600,0,13.5
/MNQZ4,,914,911,1,2024-11-15T09:28:45-0600,2024-11-15T09:51:07-0600,0,19.67
/MNQZ4,,913,911,1,2024-11-15T09:29:11-0600,2024-11-15T09:51:07-0600,0,19.67
/MNQZ4,,912,911,1,2024-11-15T09:33:18-0600,2024-11-15T09:51:07-0600,0,19.67
/NQZ4,,907,906,1,2024-11-15T12:11:44-0600,2024-11-15T12:14:52-0600,0,45
/NQZ4,,905,904,1,2024-11-15T12:15:56-0600,2024-11-15T12:23:25-0600,0,-25
/MNQZ4,,910,902,1,2024-11-15T09:51:52-0600,2024-11-15T12:55:20-0600,0,-317
/NQZ4,,903,901,1,2024-11-15T12:54:01-0600,2024-11-15T12:57:33-0600,0,90
/MNQZ4,,909,899,1,2024-11-15T09:52:16-0600,2024-11-15T12:59:38-0600,0,-220.25
/MNQZ4,,908,899,1,2024-11-15T11:19:12-0600,2024-11-15T12:59:38-0600,0,-220.25
/MNQZ4,,898,897,1,2024-11-15T13:01:08-0600,2024-11-15T13:13:02-0600,0,-8.5
/MNQZ4,,896,895,1,2024-11-15T13:18:25-0600,2024-11-15T13:28:41-0600,0,-26.5
/MNQZ4,,894,893,1,2024-11-15T13:45:52-0600,2024-11-15T13:51:16-0600,0,4.5
/MNQZ4,,892,891,1,2024-11-15T14:04:00-0600,2024-11-15T14:04:43-0600,0,13
/NQZ4,,900,890,1,2024-11-15T12:58:28-0600,2024-11-15T14:19:30-0600,0,-1670
/NQZ4,,889,887,1,2024-11-15T14:20:39-0600,2024-11-15T14:30:05-0600,0,50
/MNQZ4,,888,886,1,2024-11-15T14:22:40-0600,2024-11-15T14:54:30-0600,0,6
/MNQZ4,,885,883,1,2024-11-15T14:57:00-0600,2024-11-15T15:00:43-0600,0,26.5
/MNQZ4,,884,883,1,2024-11-15T14:57:28-0600,2024-11-15T15:00:43-0600,0,26.5
/MNQZ4,,882,881,2,2024-11-15T15:02:10-0600,2024-11-15T15:04:34-0600,0,-3.5
/MESZ4,,880,878,1,2024-11-17T19:55:23-0600,2024-11-17T20:03:59-0600,0,-10.62
/MESZ4,,879,878,1,2024-11-17T19:56:47-0600,2024-11-17T20:03:59-0600,0,-10.62
/MNQZ4,,875,871,1,2024-11-17T20:13:39-0600,2024-11-17T23:11:44-0600,0,59
/MNQZ4,,874,869,1,2024-11-17T20:17:16-0600,2024-11-18T00:06:50-0600,0,17
/MNQZ4,,872,867,1,2024-11-17T23:00:57-0600,2024-11-18T01:22:15-0600,0,-37.5
/MNQZ4,,870,866,1,2024-11-17T23:19:22-0600,2024-11-18T01:22:50-0600,0,-31.5
/MESZ4,,877,865,1,2024-11-17T20:08:59-0600,2024-11-18T01:23:30-0600,0,-5
/MNQZ4,,868,864,1,2024-11-18T00:17:00-0600,2024-11-18T01:23:55-0600,0,-32.5
/MESZ4,,876,863,1,2024-11-17T20:10:44-0600,2024-11-18T01:24:04-0600,0,-13.12
/MESZ4,,873,863,1,2024-11-17T22:13:24-0600,2024-11-18T01:24:04-0600,0,-13.12
/MNQZ4,,860,858,1,2024-11-18T08:14:56-0600,2024-11-18T08:24:30-0600,0,5
/MNQZ4,,859,857,1,2024-11-18T08:18:49-0600,2024-11-18T08:24:31-0600,0,4.5
/NQZ4,,853,852,1,2024-11-18T08:36:24-0600,2024-11-18T08:39:22-0600,0,590
/MNQZ4,,856,851,1,2024-11-18T08:31:45-0600,2024-11-18T08:39:59-0600,0,82
/MNQZ4,,855,851,1,2024-11-18T08:32:11-0600,2024-11-18T08:39:59-0600,0,82
/MESZ4,,862,850,1,2024-11-18T06:48:21-0600,2024-11-18T08:41:25-0600,0,5
/MESZ4,,861,850,1,2024-11-18T07:01:04-0600,2024-11-18T08:41:25-0600,0,5
/MESZ4,,854,850,1,2024-11-18T08:33:39-0600,2024-11-18T08:41:25-0600,0,5
/MNQZ4,,849,846,1,2024-11-18T08:48:10-0600,2024-11-18T09:08:56-0600,0,149.5
/MNQZ4,,848,846,1,2024-11-18T08:48:55-0600,2024-11-18T09:08:56-0600,0,149.5
/MNQZ4,,847,845,1,2024-11-18T08:53:21-0600,2024-11-18T09:10:51-0600,0,148
/MESZ4,,844,842,1,2024-11-18T09:17:54-0600,2024-11-18T09:51:16-0600,0,62.5
/MNQZ4,,843,841,1,2024-11-18T09:50:44-0600,2024-11-18T09:57:11-0600,0,-21
/MNQZ4,,840,838,1,2024-11-18T13:19:21-0600,2024-11-18T13:30:30-0600,0,-36
/MNQZ4,,839,838,1,2024-11-18T13:20:04-0600,2024-11-18T13:30:30-0600,0,-36
/MNQZ4,,837,833,1,2024-11-18T13:32:09-0600,2024-11-18T13:49:10-0600,0,77.5
/MNQZ4,,836,834,1,2024-11-18T13:32:52-0600,2024-11-18T13:49:10-0600,0,65.5
/ESZ4,,835,832,1,2024-11-18T13:42:28-0600,2024-11-18T13:50:00-0600,0,162.5
/MESZ4,,831,829,1,2024-11-18T13:51:41-0600,2024-11-18T13:55:50-0600,0,-7.5
/MESZ4,,830,829,1,2024-11-18T13:52:40-0600,2024-11-18T13:55:50-0600,0,-7.5
/MNQZ4,,828,826,1,2024-11-18T13:56:42-0600,2024-11-18T14:34:13-0600,0,-13.5
/MNQZ4,,827,826,1,2024-11-18T13:57:40-0600,2024-11-18T14:34:13-0600,0,-13.5
/MNQZ4,,825,824,1,2024-11-18T14:35:03-0600,2024-11-18T14:36:07-0600,0,12
/MNQZ4,,823,822,1,2024-11-19T05:01:18-0600,2024-11-19T05:12:04-0600,0,-36.5
/MNQZ4,,821,819,1,2024-11-19T05:31:43-0600,2024-11-19T06:06:26-0600,0,122.5
/MNQZ4,,818,817,1,2024-11-19T06:08:09-0600,2024-11-19T06:19:34-0600,0,-11
/MESZ4,,820,815,1,2024-11-19T05:39:11-0600,2024-11-19T06:54:41-0600,0,62.5
/MNQZ4,,816,814,1,2024-11-19T06:45:16-0600,2024-11-19T07:16:05-0600,0,-21
/MNQZ4,,813,810,1,2024-11-19T07:38:31-0600,2024-11-19T08:12:49-0600,0,-0.5
/MNQZ4,,812,810,1,2024-11-19T07:44:21-0600,2024-11-19T08:12:49-0600,0,-0.5
/MNQZ4,,811,810,1,2024-11-19T08:05:35-0600,2024-11-19T08:12:49-0600,0,-0.5
/MNQZ4,,808,806,1,2024-11-19T08:14:21-0600,2024-11-19T08:16:46-0600,0,-12.5
/MNQZ4,,807,806,1,2024-11-19T08:14:38-0600,2024-11-19T08:16:46-0600,0,-12.5
/MESZ4,,809,802,1,2024-11-19T08:13:40-0600,2024-11-19T08:25:52-0600,0,15
/MESZ4,,805,803,1,2024-11-19T08:19:43-0600,2024-11-19T08:25:52-0600,0,30
/MESZ4,,801,800,1,2024-11-19T08:31:01-0600,2024-11-19T08:35:29-0600,0,-7.5
/MNQZ4,,804,798,1,2024-11-19T08:23:01-0600,2024-11-19T08:38:08-0600,0,89.5
/MESZ4,,799,797,1,2024-11-19T08:37:27-0600,2024-11-19T08:39:54-0600,0,6.25
/MNQZ4,,796,795,1,2024-11-19T08:41:48-0600,2024-11-19T08:46:07-0600,0,-7
/ESZ4,,794,793,1,2024-11-19T09:35:48-0600,2024-11-19T09:43:13-0600,0,287.5
/MESZ4,,792,791,1,2024-11-19T09:44:13-0600,2024-11-19T09:50:50-0600,0,2.5
/NQZ4,,790,789,1,2024-11-19T10:51:01-0600,2024-11-19T10:54:01-0600,0,120
/MNQZ4,,788,786,2,2024-11-19T10:54:21-0600,2024-11-19T11:18:54-0600,0,-18.33
/MNQZ4,,787,786,1,2024-11-19T10:57:56-0600,2024-11-19T11:18:54-0600,0,-18.33
/MNQZ4,,785,783,1,2024-11-19T11:19:55-0600,2024-11-19T11:21:01-0600,0,18.5
/MNQZ4,,784,783,1,2024-11-19T11:20:13-0600,2024-11-19T11:21:01-0600,0,18.5
/MNQZ4,,782,781,1,2024-11-19T11:21:33-0600,2024-11-19T11:22:38-0600,0,-28
/MNQZ4,,780,778,1,2024-11-19T11:23:18-0600,2024-11-19T11:23:55-0600,0,-14
/MNQZ4,,779,775,1,2024-11-19T11:23:23-0600,2024-11-19T11:41:00-0600,0,-91.33
/MNQZ4,,777,775,1,2024-11-19T11:24:13-0600,2024-11-19T11:41:00-0600,0,-91.33
/MNQZ4,,776,775,1,2024-11-19T11:24:42-0600,2024-11-19T11:41:00-0600,0,-91.33
/NQZ4,,774,773,1,2024-11-19T11:42:12-0600,2024-11-19T11:42:37-0600,0,-80
/NQZ4,,772,771,1,2024-11-19T11:43:03-0600,2024-11-19T11:46:22-0600,0,95
/NQZ4,,770,769,1,2024-11-19T11:47:13-0600,2024-11-19T11:53:38-0600,0,55
/MNQZ4,,768,767,1,2024-11-19T11:54:46-0600,2024-11-19T11:55:51-0600,0,-13
/MNQZ4,,766,764,1,2024-11-19T11:59:29-0600,2024-11-19T12:03:10-0600,0,-12.25
/MNQZ4,,765,764,1,2024-11-19T12:01:23-0600,2024-11-19T12:03:10-0600,0,-12.25
/MNQZ4,,763,762,1,2024-11-19T12:03:45-0600,2024-11-19T12:04:14-0600,0,5.5
/MNQZ4,,761,759,1,2024-11-19T12:04:25-0600,2024-11-19T12:07:01-0600,0,-7.75
/MNQZ4,,760,759,1,2024-11-19T12:04:47-0600,2024-11-19T12:07:01-0600,0,-7.75
/MNQZ4,,758,756,1,2024-11-19T12:18:01-0600,2024-11-19T12:27:56-0600,0,-17
/MNQZ4,,757,756,1,2024-11-19T12:18:21-0600,2024-11-19T12:27:56-0600,0,-17
/MNQZ4,,755,753,1,2024-11-19T12:31:19-0600,2024-11-19T12:34:45-0600,0,-10
/MNQZ4,,754,753,1,2024-11-19T12:31:51-0600,2024-11-19T12:34:45-0600,0,-10
/MESZ4,,752,751,1,2024-11-19T12:36:08-0600,2024-11-19T12:39:17-0600,0,-10
/MNQZ4,,750,748,1,2024-11-19T13:05:59-0600,2024-11-19T13:11:41-0600,0,-9
/MNQZ4,,749,748,1,2024-11-19T13:06:30-0600,2024-11-19T13:11:41-0600,0,-9
/NQZ4,,747,746,1,2024-11-19T13:13:37-0600,2024-11-19T13:14:01-0600,0,60
/MNQZ4,,745,744,1,2024-11-19T13:15:56-0600,2024-11-19T13:16:37-0600,0,12
/ESZ4,,743,742,1,2024-11-19T13:18:19-0600,2024-11-19T13:23:47-0600,0,-112.5
/ESZ4,,741,740,1,2024-11-19T13:25:35-0600,2024-11-19T13:26:40-0600,0,50
/ESZ4,,739,738,1,2024-11-19T13:27:16-0600,2024-11-19T13:29:28-0600,0,37.5
/ESZ4,,737,736,1,2024-11-19T13:30:07-0600,2024-11-19T13:30:55-0600,0,-25
/ESZ4,,735,734,1,2024-11-19T13:31:42-0600,2024-11-19T13:32:44-0600,0,62.5
/MESZ4,,733,732,1,2024-11-19T13:34:24-0600,2024-11-19T13:36:26-0600,0,3.75
/MESZ4,,731,726,1,2024-11-20T08:34:46-0600,2024-11-20T08:58:21-0600,0,-80.31
/MESZ4,,730,726,1,2024-11-20T08:35:30-0600,2024-11-20T08:58:21-0600,0,-80.31
/MESZ4,,729,726,1,2024-11-20T08:38:45-0600,2024-11-20T08:58:21-0600,0,-80.31
/MESZ4,,728,726,1,2024-11-20T08:40:10-0600,2024-11-20T08:58:21-0600,0,-80.31
/MESZ4,,725,721,1,2024-11-20T08:59:03-0600,2024-11-20T10:00:55-0600,0,11.25
/MESZ4,,724,721,1,2024-11-20T08:59:20-0600,2024-11-20T10:00:55-0600,0,11.25
/MESZ4,,723,721,1,2024-11-20T09:01:46-0600,2024-11-20T10:00:55-0600,0,11.25
/MESZ4,,722,721,1,2024-11-20T09:33:02-0600,2024-11-20T10:00:55-0600,0,11.25
/ESZ4,,720,719,1,2024-11-20T10:02:46-0600,2024-11-20T10:50:22-0600,0,250
/MESZ4,,718,714,1,2024-11-20T10:50:49-0600,2024-11-20T10:54:50-0600,0,25
/MESZ4,,717,712,1,2024-11-20T10:50:59-0600,2024-11-20T12:49:07-0600,0,-68.75
/MESZ4,,716,712,2,2024-11-20T10:52:21-0600,2024-11-20T12:49:07-0600,0,-68.75
/MESZ4,,713,712,1,2024-11-20T12:05:40-0600,2024-11-20T12:49:07-0600,0,-68.75
/MNQZ4,,710,709,1,2024-11-20T13:12:21-0600,2024-11-20T13:17:52-0600,0,2
/MESZ4,,711,708,1,2024-11-20T12:52:53-0600,2024-11-20T13:33:38-0600,0,13.75
/MNQZ4,,707,706,1,2024-11-20T14:08:32-0600,2024-11-20T14:09:14-0600,0,-12
/MNQZ4,,705,704,1,2024-11-20T14:11:52-0600,2024-11-20T14:18:20-0600,0,8.5
/ESZ4,,715,703,1,2024-11-20T10:53:23-0600,2024-11-20T14:30:05-0600,0,162.5
/MESZ4,,702,700,1,2024-11-20T14:30:42-0600,2024-11-20T14:32:12-0600,0,25
/ESZ4,,701,699,1,2024-11-20T14:31:06-0600,2024-11-20T14:32:47-0600,0,237.5
/NQZ4,,727,698,1,2024-11-20T08:44:22-0600,2024-11-20T14:33:23-0600,0,825
/MNQZ4,,697,693,1,2024-11-20T14:34:09-0600,2024-11-20T14:37:32-0600,0,15.5
/MNQZ4,,696,694,1,2024-11-20T14:34:20-0600,2024-11-20T14:37:32-0600,0,20
/ESZ4,,695,691,1,2024-11-20T14:35:36-0600,2024-11-20T14:40:00-0600,0,12.5
/MESZ4,,690,689,2,2024-11-20T14:40:33-0600,2024-11-20T14:44:01-0600,0,-28.75
/MNQZ4,,692,688,2,2024-11-20T14:38:25-0600,2024-11-20T14:44:04-0600,0,-34.5
/MNQZ4,,686,685,1,2024-11-21T08:11:54-0600,2024-11-21T08:13:03-0600,0,-24.5
/MNQZ4,,684,683,1,2024-11-21T08:22:57-0600,2024-11-21T08:25:32-0600,0,-10
/MESZ4,,687,682,1,2024-11-21T08:05:23-0600,2024-11-21T08:25:33-0600,0,-25
/MNQZ4,,681,679,1,2024-11-21T08:26:56-0600,2024-11-21T08:27:50-0600,0,11.5
/MESZ4,,680,677,1,2024-11-21T08:26:56-0600,2024-11-21T08:30:01-0600,0,21.25
/ESZ4,,676,674,1,2024-11-21T08:30:37-0600,2024-11-21T08:33:57-0600,0,187.5
/ESZ4,,673,672,1,2024-11-21T08:34:49-0600,2024-11-21T08:35:25-0600,0,150
/MNQZ4,,678,671,1,2024-11-21T08:28:35-0600,2024-11-21T08:35:39-0600,0,197.5
/MESZ4,,675,670,1,2024-11-21T08:33:23-0600,2024-11-21T08:35:54-0600,0,83.75
/MESZ4,,669,668,1,2024-11-21T08:37:38-0600,2024-11-21T08:38:27-0600,0,5
/MNQZ4,,667,665,1,2024-11-22T08:36:51-0600,2024-11-22T08:40:57-0600,0,1.5
/MNQZ4,,666,664,1,2024-11-22T08:38:39-0600,2024-11-22T08:41:23-0600,0,-33
/MESZ4,,663,662,1,2024-11-22T08:43:37-0600,2024-11-22T08:44:54-0600,0,-10
/MNQZ4,,661,660,1,2024-11-22T08:52:29-0600,2024-11-22T08:52:49-0600,0,12.5
/MESZ4,,659,657,1,2024-11-22T11:51:58-0600,2024-11-22T12:04:36-0600,0,11.87
/MESZ4,,658,657,1,2024-11-22T11:52:15-0600,2024-11-22T12:04:36-0600,0,11.87
/MESZ4,,656,655,1,2024-11-22T12:14:52-0600,2024-11-22T12:16:21-0600,0,5
/MNQZ4,,654,652,1,2024-11-22T12:16:32-0600,2024-11-22T12:28:22-0600,0,-19.5
/MNQZ4,,653,652,1,2024-11-22T12:18:07-0600,2024-11-22T12:28:22-0600,0,-19.5
/MESZ4,,651,649,1,2024-11-22T12:49:01-0600,2024-11-22T12:50:24-0600,0,-11.87
/MESZ4,,650,649,1,2024-11-22T12:49:10-0600,2024-11-22T12:50:24-0600,0,-11.87
/MNQZ4,,648,646,1,2024-11-22T12:52:12-0600,2024-11-22T13:01:42-0600,0,-10.75
/MNQZ4,,647,646,1,2024-11-22T12:54:11-0600,2024-11-22T13:01:42-0600,0,-10.75
/MESZ4,,645,644,1,2024-11-22T13:16:30-0600,2024-11-22T13:20:10-0600,0,-11.25
/NQZ4,,643,642,1,2024-11-25T08:29:58-0600,2024-11-25T08:30:25-0600,0,420
/MESZ4,,640,637,1,2024-11-25T08:35:52-0600,2024-11-25T08:48:19-0600,0,12.5
/MESZ4,,638,637,1,2024-11-25T08:44:10-0600,2024-11-25T08:48:19-0600,0,12.5
/MNQZ4,,639,636,1,2024-11-25T08:36:39-0600,2024-11-25T08:51:44-0600,0,36
/ESZ4,,641,635,1,2024-11-25T08:30:47-0600,2024-11-25T08:52:28-0600,0,50
/MNQZ4,,634,628,1,2024-11-25T08:56:42-0600,2024-11-25T10:28:54-0600,0,-9.5
/MNQZ4,,633,627,1,2024-11-25T08:57:56-0600,2024-11-25T10:32:17-0600,0,33
/ESZ4,,624,623,1,2024-11-25T11:34:31-0600,2024-11-25T12:02:02-0600,0,162.5
/ESZ4,,622,621,1,2024-11-25T12:41:54-0600,2024-11-25T12:45:54-0600,0,25
/MESZ4,,620,619,1,2024-11-25T13:01:18-0600,2024-11-25T13:34:16-0600,0,-21.25
/ESZ4,,618,617,1,2024-11-25T13:36:02-0600,2024-11-25T13:38:20-0600,0,25
/ESZ4,,616,615,1,2024-11-25T13:43:58-0600,2024-11-25T13:50:50-0600,0,137.5
/MNQZ4,,632,614,1,2024-11-25T08:58:35-0600,2024-11-25T15:09:53-0600,0,-103.5
/MNQZ4,,631,613,1,2024-11-25T09:01:00-0600,2024-11-25T15:12:18-0600,0,-27
/MNQZ4,,630,612,1,2024-11-25T09:03:37-0600,2024-11-25T15:16:14-0600,0,23.5
/MNQZ4,,629,612,1,2024-11-25T09:11:47-0600,2024-11-25T15:16:14-0600,0,23.5
/MNQZ4,,626,612,1,2024-11-25T10:45:52-0600,2024-11-25T15:16:14-0600,0,23.5
/MNQZ4,,625,612,1,2024-11-25T11:33:28-0600,2024-11-25T15:16:14-0600,0,23.5
/MNQZ4,,611,609,1,2024-11-25T15:19:07-0600,2024-11-25T15:41:13-0600,0,-13.25
/MNQZ4,,610,609,1,2024-11-25T15:20:00-0600,2024-11-25T15:41:13-0600,0,-13.25
/MNQZ4,,608,605,1,2024-11-25T17:02:34-0600,2024-11-25T17:09:25-0600,0,15.5
/MNQZ4,,607,606,1,2024-11-25T17:02:51-0600,2024-11-25T17:09:25-0600,0,16.5
/MNQZ4,,604,602,1,2024-11-25T17:12:19-0600,2024-11-25T17:37:44-0600,0,-15.75
/MNQZ4,,603,602,1,2024-11-25T17:13:06-0600,2024-11-25T17:37:44-0600,0,-15.75
/NQZ4,,599,596,1,2024-11-26T07:58:11-0600,2024-11-26T08:11:13-0600,0,-497.5
/NQZ4,,598,596,1,2024-11-26T08:02:09-0600,2024-11-26T08:11:13-0600,0,-497.5
/NQZ4,,594,593,1,2024-11-26T08:14:46-0600,2024-11-26T08:15:56-0600,0,10
/NQZ4,,592,590,1,2024-11-26T08:16:25-0600,2024-11-26T08:20:05-0600,0,155
/MESZ4,,601,588,1,2024-11-26T07:55:11-0600,2024-11-26T08:21:07-0600,0,3.75
/MESZ4,,595,588,1,2024-11-26T08:13:49-0600,2024-11-26T08:21:07-0600,0,3.75
/NQZ4,,589,586,1,2024-11-26T08:20:24-0600,2024-11-26T08:24:10-0600,0,265
/NQZ4,,585,584,1,2024-11-26T08:24:32-0600,2024-11-26T08:25:19-0600,0,310
/MNQZ4,,600,583,1,2024-11-26T07:55:34-0600,2024-11-26T08:25:41-0600,0,37.5
/MNQZ4,,597,582,1,2024-11-26T08:05:33-0600,2024-11-26T08:25:42-0600,0,59.5
/MNQZ4,,591,581,1,2024-11-26T08:17:37-0600,2024-11-26T08:25:47-0600,0,88
/ESZ4,,587,578,1,2024-11-26T08:21:23-0600,2024-11-26T08:27:49-0600,0,212.5
/MESZ4,,575,571,1,2024-11-26T08:32:37-0600,2024-11-26T08:41:38-0600,0,40
/MESZ4,,574,572,1,2024-11-26T08:32:51-0600,2024-11-26T08:41:38-0600,0,27.5
/MESZ4,,570,569,2,2024-11-26T08:41:58-0600,2024-11-26T08:49:06-0600,0,-31.25
/MESZ4,,568,565,1,2024-11-26T08:54:31-0600,2024-11-26T09:00:00-0600,0,-13.12
/MESZ4,,567,565,1,2024-11-26T08:55:07-0600,2024-11-26T09:00:00-0600,0,-13.12
/MNQZ4,,580,566,1,2024-11-26T08:26:41-0600,2024-11-26T09:00:00-0600,0,-126
/MNQZ4,,579,566,1,2024-11-26T08:26:53-0600,2024-11-26T09:00:00-0600,0,-126
/MNQZ4,,577,564,1,2024-11-26T08:31:02-0600,2024-11-26T09:25:58-0600,0,46
/MNQZ4,,576,560,1,2024-11-26T08:32:10-0600,2024-11-26T09:55:18-0600,0,43.5
/MNQZ4,,573,561,1,2024-11-26T08:36:00-0600,2024-11-26T09:55:18-0600,0,56.5
/MNQZ4,,563,562,1,2024-11-26T09:44:01-0600,2024-11-26T09:55:18-0600,0,47
/MNQZ4,,559,557,1,2024-11-26T09:57:19-0600,2024-11-26T10:02:03-0600,0,-15.25
/MNQZ4,,558,557,1,2024-11-26T09:57:45-0600,2024-11-26T10:02:03-0600,0,-15.25
/MNQZ4,,556,554,1,2024-11-26T10:51:30-0600,2024-11-26T11:14:26-0600,0,35.25
/MNQZ4,,555,554,1,2024-11-26T10:54:26-0600,2024-11-26T11:14:26-0600,0,35.25
/NQZ4,,551,550,1,2024-11-26T13:42:10-0600,2024-11-26T13:43:14-0600,0,140
/NQZ4,,549,548,1,2024-11-26T13:43:44-0600,2024-11-26T13:46:08-0600,0,50
/MNQZ4,,553,547,1,2024-11-26T13:27:11-0600,2024-11-26T14:03:12-0600,0,-50.25
/MNQZ4,,552,547,1,2024-11-26T13:27:46-0600,2024-11-26T14:03:12-0600,0,-50.25
/MNQZ4,,546,545,1,2024-11-26T14:07:45-0600,2024-11-26T14:09:51-0600,0,-0.5
/MNQZ4,,544,542,1,2024-11-26T14:18:44-0600,2024-11-26T14:26:00-0600,0,-10
/NQZ4,,543,541,1,2024-11-26T14:21:37-0600,2024-11-26T14:33:05-0600,0,-290
/NQZ4,,539,538,1,2024-11-26T14:34:18-0600,2024-11-26T14:35:13-0600,0,45
/MNQZ4,,540,537,1,2024-11-26T14:33:45-0600,2024-11-26T14:35:47-0600,0,-11
/NQZ4,,536,535,1,2024-11-26T14:36:14-0600,2024-11-26T14:38:27-0600,0,25
/MNQZ4,,534,532,1,2024-11-26T14:38:52-0600,2024-11-26T14:40:11-0600,0,-9.5
/MNQZ4,,533,532,1,2024-11-26T14:39:19-0600,2024-11-26T14:40:11-0600,0,-9.5
/MNQZ4,,531,530,1,2024-11-26T14:41:09-0600,2024-11-26T14:41:57-0600,0,-9
/MNQZ4,,529,528,1,2024-11-26T14:55:58-0600,2024-11-26T15:00:04-0600,0,28
/MESZ4,,527,526,2,2024-11-26T15:01:37-0600,2024-11-26T15:10:37-0600,0,-10
/ESZ4,,522,521,1,2024-11-27T08:33:39-0600,2024-11-27T08:34:35-0600,0,87.5
/ESZ4,,520,517,1,2024-11-27T08:35:00-0600,2024-11-27T08:46:42-0600,0,125
/ESZ4,,519,516,1,2024-11-27T08:36:14-0600,2024-11-27T08:47:04-0600,0,287.5
/MESZ4,,511,510,1,2024-11-27T09:18:15-0600,2024-11-27T09:23:34-0600,0,6.25
/ESZ4,,515,509,1,2024-11-27T08:47:20-0600,2024-11-27T09:38:19-0600,0,-1050
/MNQZ4,,525,507,1,2024-11-27T08:31:07-0600,2024-11-27T12:40:10-0600,0,-167
/MNQZ4,,524,506,1,2024-11-27T08:31:28-0600,2024-11-27T14:08:27-0600,0,-127
/MESZ4,,505,504,1,2024-11-27T14:25:18-0600,2024-11-27T14:27:12-0600,0,-7.5
/MESZ4,,503,502,1,2024-11-27T14:27:53-0600,2024-11-27T14:31:49-0600,0,-6.25
/MNQZ4,,523,501,1,2024-11-27T08:32:09-0600,2024-11-27T14:59:48-0600,0,-140
/MNQZ4,,518,500,1,2024-11-27T08:36:56-0600,2024-11-27T15:00:40-0600,0,-65.67
/MNQZ4,,514,500,1,2024-11-27T08:48:09-0600,2024-11-27T15:00:40-0600,0,-65.67
/MNQZ4,,512,500,1,2024-11-27T09:13:18-0600,2024-11-27T15:00:40-0600,0,-65.67
/ESZ4,,513,499,1,2024-11-27T08:48:50-0600,2024-11-27T15:04:51-0600,0,-900
/ESZ4,,508,498,1,2024-11-27T09:42:05-0600,2024-11-27T15:42:55-0600,0,-337.5
/MNQZ4,,497,496,2,2024-12-01T20:35:07-0600,2024-12-01T20:49:15-0600,0,-9
/MNQZ4,,495,492,1,2024-12-01T21:10:45-0600,2024-12-01T22:13:08-0600,0,7.5
/MNQZ4,,494,491,1,2024-12-01T21:16:15-0600,2024-12-01T22:20:57-0600,0,6
/MNQZ4,,493,490,1,2024-12-01T21:17:52-0600,2024-12-01T22:21:37-0600,0,11.5
/MNQZ4,,489,487,1,2024-12-02T06:58:07-0600,2024-12-02T07:06:00-0600,0,-20.5
/MNQZ4,,489,488,1,2024-12-02T06:58:07-0600,2024-12-02T07:06:00-0600,0,-20
/MNQZ4,,486,482,1,2024-12-02T08:06:37-0600,2024-12-02T08:10:28-0600,0,18.25
/MNQZ4,,483,482,1,2024-12-02T08:07:34-0600,2024-12-02T08:10:28-0600,0,18.25
/MESZ4,,485,481,1,2024-12-02T08:06:52-0600,2024-12-02T08:11:19-0600,0,10
/MESZ4,,484,481,1,2024-12-02T08:07:16-0600,2024-12-02T08:11:19-0600,0,10
/ESZ4,,480,478,1,2024-12-02T08:31:12-0600,2024-12-02T08:39:09-0600,0,150
/ESZ4,,479,478,1,2024-12-02T08:33:16-0600,2024-12-02T08:39:09-0600,0,150
/ESZ4,,477,475,1,2024-12-02T08:39:31-0600,2024-12-02T08:51:09-0600,0,50
/MNQZ4,,474,472,1,2024-12-02T08:51:45-0600,2024-12-02T09:57:34-0600,0,-11
/MNQZ4,,473,471,1,2024-12-02T08:55:27-0600,2024-12-02T09:59:47-0600,0,11
/MNQZ4,,470,469,1,2024-12-02T11:14:36-0600,2024-12-02T12:17:10-0600,0,93.5
/MNQZ4,,468,464,1,2024-12-02T12:46:09-0600,2024-12-02T12:56:01-0600,0,12.75
/MNQZ4,,467,464,1,2024-12-02T12:46:28-0600,2024-12-02T12:56:01-0600,0,12.75
/MNQZ4,,466,465,1,2024-12-02T12:48:18-0600,2024-12-02T12:56:01-0600,0,9.5
/MESZ4,,461,459,1,2024-12-02T13:17:17-0600,2024-12-02T13:29:36-0600,0,-13.12
/MESZ4,,460,459,1,2024-12-02T13:18:01-0600,2024-12-02T13:29:36-0600,0,-13.12
/MNQZ4,,463,458,1,2024-12-02T12:56:58-0600,2024-12-02T13:33:56-0600,0,27.25
/MNQZ4,,462,458,1,2024-12-02T12:57:17-0600,2024-12-02T13:33:56-0600,0,27.25
/MESZ4,,457,455,1,2024-12-02T13:36:00-0600,2024-12-02T13:57:15-0600,0,-19.37
/MESZ4,,456,455,1,2024-12-02T13:36:22-0600,2024-12-02T13:57:15-0600,0,-19.37
/MESZ4,,454,452,1,2024-12-02T13:58:58-0600,2024-12-02T14:43:41-0600,0,3.75
/MESZ4,,453,451,1,2024-12-02T13:59:41-0600,2024-12-02T14:54:10-0600,0,10
/NQZ4,,476,449,1,2024-12-02T08:42:30-0600,2024-12-02T22:31:01-0600,0,-285
/MNQZ4,,448,447,1,2024-12-03T01:04:05-0600,2024-12-03T01:08:58-0600,0,-9
/MNQZ4,,446,444,1,2024-12-03T07:46:24-0600,2024-12-03T07:54:01-0600,0,28
/MNQZ4,,445,444,1,2024-12-03T07:48:20-0600,2024-12-03T07:54:01-0600,0,28
/ESZ4,,443,442,1,2024-12-03T07:57:35-0600,2024-12-03T07:58:11-0600,0,50
/MNQZ4,,441,440,1,2024-12-03T08:06:19-0600,2024-12-03T08:07:31-0600,0,22.5
/NQZ4,,439,438,1,2024-12-03T08:08:42-0600,2024-12-03T08:09:42-0600,0,90
/MNQZ4,,437,436,1,2024-12-03T08:16:04-0600,2024-12-03T08:18:24-0600,0,-17.5
/ESZ4,,435,434,1,2024-12-03T08:21:43-0600,2024-12-03T08:23:36-0600,0,-175
/MESZ4,,433,432,1,2024-12-03T08:27:07-0600,2024-12-03T08:30:00-0600,0,15
/ESZ4,,431,430,1,2024-12-03T08:32:04-0600,2024-12-03T08:33:00-0600,0,87.5
/ESZ4,,429,428,1,2024-12-03T08:34:55-0600,2024-12-03T08:50:32-0600,0,-300
/ESZ4,,427,426,1,2024-12-03T08:51:15-0600,2024-12-03T08:56:10-0600,0,25
/ESZ4,,425,424,1,2024-12-03T10:28:40-0600,2024-12-03T10:31:30-0600,0,-62.5
/ESZ4,,423,422,1,2024-12-03T11:13:41-0600,2024-12-03T11:16:01-0600,0,37.5
/MNQZ4,,421,419,1,2024-12-03T11:17:37-0600,2024-12-03T11:20:34-0600,0,15.75
/MNQZ4,,420,419,1,2024-12-03T11:17:52-0600,2024-12-03T11:20:34-0600,0,15.75
/ESZ4,,418,417,1,2024-12-03T11:21:27-0600,2024-12-03T11:22:35-0600,0,-37.5
/ESZ4,,416,415,1,2024-12-03T11:23:39-0600,2024-12-03T11:26:21-0600,0,0
/ESZ4,,414,411,1,2024-12-03T17:07:39-0600,2024-12-03T17:33:32-0600,0,-125
/MESZ4,,413,410,1,2024-12-03T17:11:59-0600,2024-12-03T17:34:43-0600,0,-8.75
/MESZ4,,412,410,1,2024-12-03T17:25:29-0600,2024-12-03T17:34:43-0600,0,-8.75
/ESZ4,,407,406,1,2024-12-03T17:40:53-0600,2024-12-03T17:46:07-0600,0,-50
/ESZ4,,405,404,1,2024-12-03T18:18:59-0600,2024-12-03T18:30:53-0600,0,50
/MESZ4,,409,402,1,2024-12-03T17:40:03-0600,2024-12-03T20:59:43-0600,0,-15
/MESZ4,,408,402,1,2024-12-03T17:40:08-0600,2024-12-03T20:59:43-0600,0,-15
/MESZ4,,403,402,1,2024-12-03T18:31:45-0600,2024-12-03T20:59:43-0600,0,-15
/MESZ4,,401,399,1,2024-12-03T21:07:20-0600,2024-12-03T22:21:16-0600,0,-11.87
/MESZ4,,400,399,1,2024-12-03T21:09:36-0600,2024-12-03T22:21:16-0600,0,-11.87
/ESZ4,,396,395,1,2024-12-03T23:09:08-0600,2024-12-03T23:16:26-0600,0,37.5
/MESZ4,,398,393,1,2024-12-03T23:00:51-0600,2024-12-03T23:26:09-0600,0,-8.75
/MESZ4,,397,393,1,2024-12-03T23:02:36-0600,2024-12-03T23:26:09-0600,0,-8.75
/MESZ4,,394,390,1,2024-12-03T23:24:51-0600,2024-12-03T23:33:43-0600,0,-5
/MESZ4,,392,391,1,2024-12-03T23:29:24-0600,2024-12-03T23:33:43-0600,0,-6.25
/ESZ4,,386,385,1,2024-12-04T08:40:38-0600,2024-12-04T08:47:51-0600,0,125
/MNQZ4,,389,378,1,2024-12-04T08:36:51-0600,2024-12-04T08:52:50-0600,0,31
/MNQZ4,,388,379,1,2024-12-04T08:37:08-0600,2024-12-04T08:52:50-0600,0,28
/MNQZ4,,387,374,1,2024-12-04T08:38:38-0600,2024-12-04T08:55:06-0600,0,12.5
/MNQZ4,,377,375,1,2024-12-04T08:54:17-0600,2024-12-04T08:55:06-0600,0,67.5
/MNQZ4,,376,373,1,2024-12-04T08:54:29-0600,2024-12-04T08:55:28-0600,0,18
/MESZ4,,384,372,1,2024-12-04T08:48:14-0600,2024-12-04T08:56:02-0600,0,15.25
/MESZ4,,383,372,1,2024-12-04T08:48:26-0600,2024-12-04T08:56:02-0600,0,15.25
/MESZ4,,382,372,1,2024-12-04T08:48:30-0600,2024-12-04T08:56:02-0600,0,15.25
/MESZ4,,381,372,1,2024-12-04T08:49:33-0600,2024-12-04T08:56:02-0600,0,15.25
/MESZ4,,380,372,1,2024-12-04T08:51:19-0600,2024-12-04T08:56:02-0600,0,15.25
/MESZ4,,371,367,1,2024-12-04T09:03:44-0600,2024-12-04T09:13:01-0600,0,-5.62
/MESZ4,,370,367,1,2024-12-04T09:04:19-0600,2024-12-04T09:13:01-0600,0,-5.62
/MESZ4,,369,368,1,2024-12-04T09:06:21-0600,2024-12-04T09:13:01-0600,0,-5
/MESZ4,,366,361,1,2024-12-04T09:13:16-0600,2024-12-04T09:25:14-0600,0,1.87
/MESZ4,,365,361,1,2024-12-04T09:13:25-0600,2024-12-04T09:25:14-0600,0,1.87
/MESZ4,,364,360,1,2024-12-04T09:15:09-0600,2024-12-04T09:28:12-0600,0,20.83
/MESZ4,,363,360,1,2024-12-04T09:16:58-0600,2024-12-04T09:28:12-0600,0,20.83
/MESZ4,,362,360,1,2024-12-04T09:20:24-0600,2024-12-04T09:28:12-0600,0,20.83
/MNQZ4,,359,358,1,2024-12-04T12:43:39-0600,2024-12-04T12:45:19-0600,0,23
/MESZ4,,357,356,2,2024-12-04T12:49:15-0600,2024-12-04T12:59:01-0600,0,22.5
/MNQZ4,,355,352,1,2024-12-04T19:37:48-0600,2024-12-04T20:49:23-0600,0,-12
/MNQZ4,,354,352,1,2024-12-04T19:38:27-0600,2024-12-04T20:49:23-0600,0,-12
/MNQZ4,,353,352,1,2024-12-04T19:39:54-0600,2024-12-04T20:49:23-0600,0,-12
/MNQZ4,,351,344,1,2024-12-05T08:55:13-0600,2024-12-05T09:16:43-0600,0,28.5
/MNQZ4,,349,345,1,2024-12-05T08:59:30-0600,2024-12-05T09:16:43-0600,0,45
/MNQZ4,,348,346,1,2024-12-05T09:00:22-0600,2024-12-05T09:16:43-0600,0,40.5
/MESZ4,,350,340,1,2024-12-05T08:56:06-0600,2024-12-05T11:39:50-0600,0,18.75
/MESZ4,,347,340,1,2024-12-05T09:10:01-0600,2024-12-05T11:39:50-0600,0,18.75
/MESZ4,,343,339,1,2024-12-05T09:18:09-0600,2024-12-05T11:46:03-0600,0,30.42
/MESZ4,,342,339,1,2024-12-05T09:18:37-0600,2024-12-05T11:46:03-0600,0,30.42
/MESZ4,,341,339,1,2024-12-05T09:19:58-0600,2024-12-05T11:46:03-0600,0,30.42
/MESZ4,,338,337,1,2024-12-06T11:42:09-0600,2024-12-06T13:21:00-0600,0,-5
/MESZ4,,336,334,1,2024-12-08T17:26:20-0600,2024-12-08T18:27:56-0600,0,-15
/MESZ4,,335,334,1,2024-12-08T17:27:27-0600,2024-12-08T18:27:56-0600,0,-15
/MESZ4,,333,329,1,2024-12-08T21:51:16-0600,2024-12-08T23:37:27-0600,0,0
/MESZ4,,332,330,1,2024-12-08T21:54:14-0600,2024-12-08T23:37:27-0600,0,-3.12
/MESZ4,,331,330,1,2024-12-08T23:10:05-0600,2024-12-08T23:37:27-0600,0,-3.12
/MESZ4,,328,327,1,2024-12-09T10:30:53-0600,2024-12-09T11:27:06-0600,0,-28.75
/MNQZ4,,326,324,1,2024-12-09T11:48:28-0600,2024-12-09T11:52:04-0600,0,34
/ESZ4,,325,323,1,2024-12-09T11:49:18-0600,2024-12-09T12:37:26-0600,0,62.5
/MESZ4,,322,317,1,2024-12-10T08:34:56-0600,2024-12-10T08:43:24-0600,0,13.75
/MESZ4,,321,317,1,2024-12-10T08:35:22-0600,2024-12-10T08:43:24-0600,0,13.75
/MESZ4,,320,316,1,2024-12-10T08:35:26-0600,2024-12-10T08:44:02-0600,0,19.17
/MESZ4,,319,316,1,2024-12-10T08:35:43-0600,2024-12-10T08:44:02-0600,0,19.17
/MESZ4,,318,316,1,2024-12-10T08:37:58-0600,2024-12-10T08:44:02-0600,0,19.17
/ESZ4,,315,314,1,2024-12-11T08:39:51-0600,2024-12-11T08:44:02-0600,0,-112.5
/MNQZ4,,309,308,1,2024-12-11T08:59:58-0600,2024-12-11T09:03:03-0600,0,11.5
/ESZ4,,313,303,1,2024-12-11T08:45:32-0600,2024-12-11T09:22:24-0600,0,-187.5
/MNQZ4,,307,304,1,2024-12-11T09:05:13-0600,2024-12-11T09:22:24-0600,0,10
/MNQZ4,,306,304,1,2024-12-11T09:05:43-0600,2024-12-11T09:22:24-0600,0,10
/MESZ4,,312,301,1,2024-12-11T08:46:57-0600,2024-12-11T09:36:49-0600,0,-16.87
/MESZ4,,311,301,1,2024-12-11T08:47:31-0600,2024-12-11T09:36:49-0600,0,-16.87
/MESZ4,,310,300,1,2024-12-11T08:50:34-0600,2024-12-11T09:38:00-0600,0,-4.17
/MESZ4,,305,300,1,2024-12-11T09:12:23-0600,2024-12-11T09:38:00-0600,0,-4.17
/MESZ4,,302,300,1,2024-12-11T09:24:41-0600,2024-12-11T09:38:00-0600,0,-4.17
/MESZ4,,299,298,2,2024-12-11T09:38:44-0600,2024-12-11T09:45:43-0600,0,-10
/MNQZ4,,297,295,1,2024-12-11T09:49:04-0600,2024-12-11T09:56:19-0600,0,65.5
/MNQZ4,,296,295,1,2024-12-11T09:49:41-0600,2024-12-11T09:56:19-0600,0,65.5
/MNQZ4,,293,292,1,2024-12-11T13:53:46-0600,2024-12-11T13:58:54-0600,0,-8
/MESZ4,,294,291,1,2024-12-11T13:52:12-0600,2024-12-11T14:02:04-0600,0,-7.5
/MNQZ4,,289,287,1,2024-12-11T14:07:52-0600,2024-12-11T14:10:04-0600,0,5
/MNQZ4,,286,285,1,2024-12-11T14:11:14-0600,2024-12-11T14:12:22-0600,0,6.5
/MESZ4,,290,283,1,2024-12-11T14:07:40-0600,2024-12-11T14:16:48-0600,0,-5
/MESZ4,,288,282,1,2024-12-11T14:08:46-0600,2024-12-11T14:16:49-0600,0,-3.75
/MNQZ4,,284,281,1,2024-12-11T14:16:04-0600,2024-12-11T14:17:43-0600,0,-9.5
/MESZ4,,280,279,1,2024-12-11T14:26:55-0600,2024-12-11T14:56:34-0600,0,23.75
/MNQZ4,,278,275,1,2024-12-12T07:59:49-0600,2024-12-12T08:14:35-0600,0,13
/MNQZ4,,277,275,1,2024-12-12T08:00:20-0600,2024-12-12T08:14:35-0600,0,13
/MNQZ4,,276,275,1,2024-12-12T08:07:14-0600,2024-12-12T08:14:35-0600,0,13
/MNQZ4,,274,273,1,2024-12-12T08:15:36-0600,2024-12-12T08:22:00-0600,0,-21.5
/MESZ4,,272,271,1,2024-12-12T13:05:37-0600,2024-12-12T13:18:33-0600,0,-31.25
/MESZ4,,270,269,1,2024-12-12T14:15:00-0600,2024-12-12T14:16:24-0600,0,-3.75
/MESZ4,,268,266,1,2024-12-12T14:32:28-0600,2024-12-12T14:51:26-0600,0,-6.25
/MESZ4,,267,265,1,2024-12-12T14:36:19-0600,2024-12-12T14:52:05-0600,0,-7.5
/MESZ4,,264,261,1,2024-12-12T14:53:07-0600,2024-12-12T18:41:16-0600,0,48.75
/MESZ4,,263,261,1,2024-12-12T14:55:15-0600,2024-12-12T18:41:16-0600,0,48.75
/MESZ4,,260,257,1,2024-12-12T20:08:55-0600,2024-12-13T03:15:16-0600,0,68.75
/MESZ4,,259,257,1,2024-12-12T20:10:22-0600,2024-12-13T03:15:16-0600,0,68.75
/MNQZ4,,258,256,1,2024-12-12T23:50:59-0600,2024-12-13T05:20:08-0600,0,160
/MESZ4,,255,253,1,2024-12-13T14:18:25-0600,2024-12-13T14:26:09-0600,0,-8.12
/MESZ4,,254,253,1,2024-12-13T14:19:25-0600,2024-12-13T14:26:09-0600,0,-8.12
/MESZ4,,252,251,1,2024-12-13T14:34:24-0600,2024-12-13T14:36:35-0600,0,3.75
/MESH5,,250,249,1,2024-12-15T18:26:29-0600,2024-12-15T20:00:01-0600,0,-8.75
/MESH5,,248,244,1,2024-12-16T08:28:21-0600,2024-12-16T08:34:29-0600,0,-15.62
/MESH5,,247,244,1,2024-12-16T08:28:54-0600,2024-12-16T08:34:29-0600,0,-15.62
/MNQH5,,246,242,1,2024-12-16T08:34:08-0600,2024-12-16T08:39:58-0600,0,-33.25
/MNQH5,,245,242,1,2024-12-16T08:34:24-0600,2024-12-16T08:39:58-0600,0,-33.25
/MESH5,,243,241,2,2024-12-16T08:36:21-0600,2024-12-16T08:40:12-0600,0,-12.5
/MNQH5,,240,238,1,2024-12-16T08:42:36-0600,2024-12-16T08:43:44-0600,0,-15.25
/MNQH5,,239,238,1,2024-12-16T08:42:53-0600,2024-12-16T08:43:44-0600,0,-15.25
/MESH5,,234,231,1,2024-12-16T08:48:21-0600,2024-12-16T09:00:00-0600,0,-25
/MESH5,,233,231,1,2024-12-16T08:50:44-0600,2024-12-16T09:00:00-0600,0,-25
/MNQH5,,237,229,1,2024-12-16T08:44:47-0600,2024-12-16T09:56:21-0600,0,-176.5
/MNQH5,,236,229,1,2024-12-16T08:45:00-0600,2024-12-16T09:56:21-0600,0,-176.5
/MNQH5,,235,227,1,2024-12-16T08:45:55-0600,2024-12-16T10:00:41-0600,0,-99.33
/MNQH5,,232,227,1,2024-12-16T08:56:35-0600,2024-12-16T10:00:41-0600,0,-99.33
/MNQH5,,230,227,1,2024-12-16T09:32:05-0600,2024-12-16T10:00:41-0600,0,-99.33
/MNQH5,,226,224,1,2024-12-16T10:18:42-0600,2024-12-16T10:21:34-0600,0,-40
/MNQH5,,225,224,1,2024-12-16T10:19:01-0600,2024-12-16T10:21:34-0600,0,-40
/MNQH5,,223,220,1,2024-12-16T10:28:53-0600,2024-12-16T10:31:28-0600,0,8.75
/MNQH5,,222,220,1,2024-12-16T10:29:31-0600,2024-12-16T10:31:28-0600,0,8.75
/MNQH5,,219,216,2,2024-12-16T10:31:48-0600,2024-12-16T10:34:40-0600,0,7.25
/MNQH5,,218,217,1,2024-12-16T10:32:30-0600,2024-12-16T10:34:40-0600,0,10.5
/ESH5,,215,214,1,2024-12-16T10:35:47-0600,2024-12-16T10:43:52-0600,0,25
/MESH5,,228,212,1,2024-12-16T09:59:43-0600,2024-12-16T10:56:18-0600,0,-15
/ESH5,,213,211,1,2024-12-16T10:44:44-0600,2024-12-16T11:01:10-0600,0,-212.5
/ESH5,,210,209,1,2024-12-16T11:02:59-0600,2024-12-16T11:07:05-0600,0,75
/MESH5,,221,208,1,2024-12-16T10:30:59-0600,2024-12-16T11:39:53-0600,0,-22.5
/MESH5,,207,203,1,2024-12-16T11:53:31-0600,2024-12-16T14:45:00-0600,0,11.56
/MESH5,,206,203,1,2024-12-16T11:54:04-0600,2024-12-16T14:45:00-0600,0,11.56
/MESH5,,205,203,1,2024-12-16T11:55:14-0600,2024-12-16T14:45:00-0600,0,11.56
/MESH5,,204,203,1,2024-12-16T12:46:57-0600,2024-12-16T14:45:00-0600,0,11.56
/MESH5,,202,200,1,2024-12-16T18:13:27-0600,2024-12-16T19:00:08-0600,0,6.25
/MESH5,,201,200,1,2024-12-16T18:13:52-0600,2024-12-16T19:00:08-0600,0,6.25
/MESH5,,199,197,1,2024-12-16T19:04:02-0600,2024-12-16T19:12:12-0600,0,-11.25
/MESH5,,198,197,1,2024-12-16T19:05:42-0600,2024-12-16T19:12:12-0600,0,-11.25
/MESH5,,196,194,1,2024-12-17T08:40:59-0600,2024-12-17T08:43:18-0600,0,5.62
/MESH5,,195,194,1,2024-12-17T08:41:33-0600,2024-12-17T08:43:18-0600,0,5.62
/MESH5,,193,190,1,2024-12-17T08:44:36-0600,2024-12-17T09:01:33-0600,0,-24.58
/MESH5,,192,190,1,2024-12-17T08:45:02-0600,2024-12-17T09:01:33-0600,0,-24.58
/MESH5,,191,190,1,2024-12-17T08:47:01-0600,2024-12-17T09:01:33-0600,0,-24.58
/MESH5,,189,183,1,2024-12-17T09:05:12-0600,2024-12-17T09:50:17-0600,0,18.75
/MESH5,,188,183,1,2024-12-17T09:06:49-0600,2024-12-17T09:50:17-0600,0,18.75
/MESH5,,187,184,1,2024-12-17T09:11:50-0600,2024-12-17T09:50:17-0600,0,-17.5
/MESH5,,186,185,1,2024-12-17T09:20:02-0600,2024-12-17T09:50:17-0600,0,-7.5
/ESH5,,182,181,1,2024-12-17T09:53:20-0600,2024-12-17T09:58:24-0600,0,50
/MESH5,,180,179,1,2024-12-17T10:10:24-0600,2024-12-17T10:14:29-0600,0,0
/MESH5,,178,174,1,2024-12-17T10:31:42-0600,2024-12-17T10:50:00-0600,0,28.12
/MESH5,,177,174,1,2024-12-17T10:31:51-0600,2024-12-17T10:50:00-0600,0,28.12
/MESH5,,176,175,1,2024-12-17T10:32:07-0600,2024-12-17T10:50:00-0600,0,28.75
/MESH5,,173,171,1,2024-12-17T10:51:25-0600,2024-12-17T10:52:49-0600,0,-5
/MESH5,,172,169,1,2024-12-17T10:52:46-0600,2024-12-17T11:04:07-0600,0,-19.37
/MESH5,,170,169,1,2024-12-17T10:53:32-0600,2024-12-17T11:04:07-0600,0,-19.37
/MESH5,,168,165,1,2024-12-17T11:56:03-0600,2024-12-17T12:18:28-0600,0,-22.08
/MESH5,,167,165,1,2024-12-17T11:57:08-0600,2024-12-17T12:18:28-0600,0,-22.08
/MESH5,,166,165,1,2024-12-17T12:10:26-0600,2024-12-17T12:18:28-0600,0,-22.08
/MESH5,,164,161,1,2024-12-17T12:25:44-0600,2024-12-17T13:02:35-0600,0,-13.75
/MESH5,,163,161,1,2024-12-17T12:28:12-0600,2024-12-17T13:02:35-0600,0,-13.75
/MESH5,,162,161,1,2024-12-17T12:28:50-0600,2024-12-17T13:02:35-0600,0,-13.75
/MNQH5,,157,155,1,2024-12-17T13:59:20-0600,2024-12-17T14:46:21-0600,0,58
/MESH5,,160,154,1,2024-12-17T13:45:33-0600,2024-12-17T14:49:00-0600,0,8.75
/MESH5,,159,153,1,2024-12-17T13:46:01-0600,2024-12-17T14:49:23-0600,0,22.92
/MESH5,,158,153,1,2024-12-17T13:46:28-0600,2024-12-17T14:49:23-0600,0,22.92
/MESH5,,156,153,1,2024-12-17T14:00:32-0600,2024-12-17T14:49:23-0600,0,22.92
/MESH5,,152,150,1,2024-12-17T22:36:02-0600,2024-12-18T06:00:57-0600,0,37.5
/MESH5,,151,149,1,2024-12-17T22:39:17-0600,2024-12-18T06:47:35-0600,0,40
/MESH5,,148,145,1,2024-12-18T13:08:03-0600,2024-12-18T13:09:32-0600,0,46.25
/MESH5,,147,145,1,2024-12-18T13:08:15-0600,2024-12-18T13:09:32-0600,0,46.25
/MESH5,,146,145,1,2024-12-18T13:08:47-0600,2024-12-18T13:09:32-0600,0,46.25
/MESH5,,144,143,1,2024-12-18T13:58:02-0600,2024-12-18T13:59:06-0600,0,2.5
/MESH5,,142,140,1,2024-12-18T14:01:52-0600,2024-12-18T14:21:42-0600,0,25.62
/MESH5,,141,140,1,2024-12-18T14:17:07-0600,2024-12-18T14:21:42-0600,0,25.62
/MESH5,,139,136,1,2024-12-18T14:29:22-0600,2024-12-18T14:54:38-0600,0,-143.75
/MESH5,,138,133,1,2024-12-18T14:29:55-0600,2024-12-18T17:42:27-0600,0,-7.5
/MESH5,,137,133,1,2024-12-18T14:34:46-0600,2024-12-18T17:42:27-0600,0,-7.5
/MESH5,,135,133,1,2024-12-18T15:20:35-0600,2024-12-18T17:42:27-0600,0,-7.5
/MESH5,,132,129,1,2024-12-18T17:45:52-0600,2024-12-19T00:43:26-0600,0,13.75
/MESH5,,131,128,1,2024-12-18T17:45:57-0600,2024-12-19T01:06:37-0600,0,12.5
/MESH5,,130,127,1,2024-12-18T17:48:03-0600,2024-12-19T01:07:54-0600,0,18.75
/MESH5,,126,125,1,2024-12-19T01:13:03-0600,2024-12-19T01:16:36-0600,0,26.25
/MESH5,,124,121,1,2024-12-19T01:18:50-0600,2024-12-19T06:06:37-0600,0,100.62
/MESH5,,123,121,1,2024-12-19T01:20:34-0600,2024-12-19T06:06:37-0600,0,100.62
/MNQH5,,122,120,1,2024-12-19T01:22:00-0600,2024-12-19T07:01:21-0600,0,268.5
/MNQH5,,119,118,1,2024-12-19T07:14:04-0600,2024-12-19T07:33:43-0600,0,-66
/MESH5,,117,116,1,2024-12-19T08:12:27-0600,2024-12-19T08:14:13-0600,0,2.5
/MESH5,,115,114,1,2024-12-19T08:19:10-0600,2024-12-19T08:20:04-0600,0,3.75
/MESH5,,113,112,1,2024-12-19T08:25:45-0600,2024-12-19T08:30:01-0600,0,3.75
/MNQH5,,111,109,1,2024-12-19T08:34:29-0600,2024-12-19T08:37:32-0600,0,-174.25
/MNQH5,,110,109,1,2024-12-19T08:35:01-0600,2024-12-19T08:37:32-0600,0,-174.25
/MNQH5,,108,107,1,2024-12-19T08:38:05-0600,2024-12-19T08:38:39-0600,0,9.5
/MNQH5,,106,105,1,2024-12-19T08:39:01-0600,2024-12-19T08:40:18-0600,0,25
/MNQH5,,104,102,1,2024-12-19T08:40:27-0600,2024-12-19T08:41:54-0600,0,66
/MNQH5,,103,102,1,2024-12-19T08:41:34-0600,2024-12-19T08:41:54-0600,0,66
/MNQH5,,101,100,1,2024-12-19T08:42:03-0600,2024-12-19T08:42:17-0600,0,26.5
/MESH5,,99,98,1,2024-12-19T09:38:53-0600,2024-12-19T09:47:31-0600,0,-5
/MESH5,,97,95,1,2024-12-19T09:50:03-0600,2024-12-19T10:27:40-0600,0,51.25
/MESH5,,96,94,1,2024-12-19T09:52:49-0600,2024-12-19T10:27:41-0600,0,76.25
/MESH5,,93,92,1,2024-12-19T12:39:52-0600,2024-12-19T12:41:12-0600,0,8.75
/MNQH5,,90,89,1,2024-12-19T23:13:29-0600,2024-12-20T02:18:29-0600,0,-60
/MESH5,,91,88,1,2024-12-19T23:01:01-0600,2024-12-20T02:31:36-0600,0,-40
/MESH5,,87,85,1,2024-12-20T07:36:38-0600,2024-12-20T08:47:44-0600,0,22.5
/MNQH5,,86,84,1,2024-12-20T07:39:50-0600,2024-12-20T08:47:55-0600,0,166
/MESH5,,83,82,1,2024-12-20T08:53:39-0600,2024-12-20T08:54:03-0600,0,10
/MNQH5,,80,79,1,2024-12-20T08:55:10-0600,2024-12-20T08:59:45-0600,0,-40.5
/MESH5,,81,77,1,2024-12-20T08:54:33-0600,2024-12-20T09:14:07-0600,0,96.25
/MNQH5,,78,76,1,2024-12-20T09:00:44-0600,2024-12-20T09:15:07-0600,0,157
/MESH5,,75,73,1,2024-12-20T09:15:50-0600,2024-12-20T09:17:01-0600,0,-21.25
/MNQH5,,74,71,1,2024-12-20T09:15:52-0600,2024-12-20T09:30:04-0600,0,253.5
/MESH5,,72,70,1,2024-12-20T09:18:20-0600,2024-12-20T09:30:22-0600,0,155
/MESH5,,69,68,1,2024-12-20T11:13:39-0600,2024-12-20T12:15:57-0600,0,-73.75
/MNQH5,,66,65,1,2024-12-23T08:30:03-0600,2024-12-23T08:46:21-0600,0,-70
/MESH5,,67,64,1,2024-12-23T08:24:17-0600,2024-12-23T09:02:53-0600,0,-80
/MNQH5,,63,62,1,2024-12-23T09:18:36-0600,2024-12-23T09:27:09-0600,0,-27
/MNQH5,,61,60,1,2024-12-23T09:42:45-0600,2024-12-23T09:58:38-0600,0,-70
/MNQH5,,58,57,1,2024-12-23T10:01:06-0600,2024-12-23T10:04:08-0600,0,57.5
/MESH5,,59,55,1,2024-12-23T09:59:01-0600,2024-12-23T10:46:20-0600,0,151.25
/MNQH5,,56,54,1,2024-12-23T10:18:21-0600,2024-12-23T10:48:06-0600,0,162
/MNQH5,,52,51,1,2024-12-24T00:40:11-0600,2024-12-24T02:15:22-0600,0,-45
/MESH5,,53,50,1,2024-12-24T00:39:28-0600,2024-12-24T04:35:25-0600,0,31.25
/MESH5,,49,48,1,2024-12-24T04:37:09-0600,2024-12-24T05:46:13-0600,0,-20
/MNQH5,,46,45,1,2024-12-24T08:02:38-0600,2024-12-24T08:31:01-0600,0,-73.5
/MESH5,,47,43,1,2024-12-24T07:55:17-0600,2024-12-24T08:35:57-0600,0,7.5
/MNQH5,,44,41,1,2024-12-24T08:33:39-0600,2024-12-24T08:39:12-0600,0,26
/MNQH5,,40,39,1,2024-12-24T08:39:46-0600,2024-12-24T08:41:08-0600,0,59
/MESH5,,42,38,1,2024-12-24T08:37:53-0600,2024-12-24T08:43:03-0600,0,17.5
/MNQH5,,37,36,1,2024-12-24T09:20:48-0600,2024-12-24T09:30:19-0600,0,-65
/MNQH5,,34,33,1,2024-12-26T08:38:01-0600,2024-12-26T10:12:19-0600,0,44
/MESH5,,35,32,1,2024-12-26T08:34:43-0600,2024-12-26T10:42:01-0600,0,72.5
/MESH5,,31,30,1,2024-12-26T11:07:41-0600,2024-12-26T11:12:36-0600,0,-2.5
/MESH5,,29,27,1,2024-12-26T13:32:28-0600,2024-12-26T14:41:06-0600,0,43.75
/MNQH5,,28,26,1,2024-12-26T13:33:58-0600,2024-12-26T14:41:16-0600,0,71.5
/MESH5,,24,22,1,2024-12-27T08:11:38-0600,2024-12-27T15:00:01-0600,0,12.5
/MESH5,,23,22,1,2024-12-27T11:35:32-0600,2024-12-27T15:00:01-0600,0,12.5
/MNQH5,,25,20,1,2024-12-27T08:10:28-0600,2024-12-29T17:38:59-0600,0,-57.5
/MNQH5,,19,16,1,2024-12-29T17:56:38-0600,2024-12-29T20:06:54-0600,0,21.5
/MNQH5,,18,16,1,2024-12-29T18:05:31-0600,2024-12-29T20:06:54-0600,0,21.5
/MESH5,,17,15,1,2024-12-29T19:32:45-0600,2024-12-29T21:06:15-0600,0,-21.25
/MNQH5,,13,12,1,2024-12-29T23:42:43-0600,2024-12-30T00:12:14-0600,0,41
/MESH5,,14,11,1,2024-12-29T23:41:25-0600,2024-12-30T00:12:29-0600,0,30
/MNQH5,,9,8,1,2024-12-30T00:16:53-0600,2024-12-30T00:44:34-0600,0,-40
/MESH5,,10,6,1,2024-12-30T00:15:12-0600,2024-12-30T01:02:03-0600,0,-40
/MNQH5,,7,5,1,2024-12-30T00:49:35-0600,2024-12-30T01:02:51-0600,0,-36
/MNQH5,,4,3,1,2024-12-30T13:25:25-0600,2024-12-30T13:33:10-0600,0,-50
/MNQH5,,2,1,1,2024-12-30T13:35:10-0600,2024-12-30T13:38:32-0600,0,14
/MESH5,,3933,3931,1,2025-01-13T21:55:25-0600,2025-01-14T06:23:01-0600,0,-37.5
/MESH5,,3932,3931,1,2025-01-13T22:35:06-0600,2025-01-14T06:23:01-0600,0,-37.5
/MESH5,,3930,3929,1,2025-01-14T07:23:01-0600,2025-01-14T07:31:17-0600,0,177.5
/MESH5,,3928,3926,1,2025-01-14T20:03:40-0600,2025-01-15T02:02:42-0600,0,-35.62
/MESH5,,3927,3926,1,2025-01-14T20:28:09-0600,2025-01-15T02:02:42-0600,0,-35.62
/MESH5,,3925,3924,1,2025-01-15T08:35:17-0600,2025-01-15T08:40:58-0600,0,7.5
/MESH5,,3923,3921,1,2025-01-15T18:44:55-0600,2025-01-16T03:08:09-0600,0,36.87
/MESH5,,3922,3921,1,2025-01-15T18:48:10-0600,2025-01-16T03:08:09-0600,0,36.87
/MNQH5,,3918,3917,1,2025-01-19T18:07:29-0600,2025-01-19T23:12:09-0600,0,32
/MESH5,,3920,3916,1,2025-01-19T18:02:30-0600,2025-01-19T23:12:46-0600,0,39.37
/MESH5,,3919,3916,1,2025-01-19T18:03:13-0600,2025-01-19T23:12:46-0600,0,39.37
/ESH5,,3915,3914,1,2025-01-20T09:53:36-0600,2025-01-20T09:59:42-0600,0,112.5
/MESH5,,3913,3912,1,2025-01-20T10:02:54-0600,2025-01-20T10:05:10-0600,0,1.25
/MESH5,,3911,3909,1,2025-01-20T10:53:00-0600,2025-01-20T10:59:33-0600,0,-28.75
/MESH5,,3910,3909,1,2025-01-20T10:53:50-0600,2025-01-20T10:59:33-0600,0,-28.75
/MESH5,,3908,3907,1,2025-01-20T17:24:59-0600,2025-01-20T18:49:48-0600,0,-40
/MESH5,,3906,3904,1,2025-01-21T22:12:56-0600,2025-01-21T22:39:50-0600,0,-18.12
/MESH5,,3905,3904,1,2025-01-21T22:15:46-0600,2025-01-21T22:39:50-0600,0,-18.12
/MESH5,,3903,3901,1,2025-01-21T22:40:15-0600,2025-01-21T23:34:37-0600,0,8.75
/MESH5,,3902,3901,1,2025-01-21T22:41:06-0600,2025-01-21T23:34:37-0600,0,8.75
/MNQH5,,3900,3897,1,2025-01-21T23:38:15-0600,2025-01-22T02:16:23-0600,0,-22
/MESH5,,3899,3896,1,2025-01-21T23:40:19-0600,2025-01-22T02:16:27-0600,0,-10
/MNQH5,,3898,3895,1,2025-01-21T23:44:18-0600,2025-01-22T02:18:15-0600,0,-29.5
/MESH5,,3894,3892,1,2025-01-22T08:24:16-0600,2025-01-22T08:36:22-0600,0,10.62
/MESH5,,3893,3892,1,2025-01-22T08:28:22-0600,2025-01-22T08:36:22-0600,0,10.62
/MESH5,,3891,3889,1,2025-01-22T12:29:52-0600,2025-01-22T12:42:26-0600,0,-17.5
/MESH5,,3890,3889,1,2025-01-22T12:33:44-0600,2025-01-22T12:42:26-0600,0,-17.5
/ESH5,,3888,3887,1,2025-01-22T12:55:16-0600,2025-01-22T12:55:44-0600,0,62.5
/MESH5,,3886,3885,1,2025-01-22T12:56:21-0600,2025-01-22T12:57:51-0600,0,2.5
/ESH5,,3884,3883,1,2025-01-23T08:42:39-0600,2025-01-23T09:05:33-0600,0,137.5
/MESH5,,3882,3879,1,2025-01-23T12:40:56-0600,2025-01-23T12:55:07-0600,0,8.75
/MESH5,,3881,3879,1,2025-01-23T12:41:18-0600,2025-01-23T12:55:07-0600,0,8.75
/MESH5,,3880,3879,1,2025-01-23T12:42:55-0600,2025-01-23T12:55:07-0600,0,8.75
/MESH5,,3878,3875,1,2025-01-23T14:51:56-0600,2025-01-23T20:15:04-0600,0,5
/MESH5,,3877,3875,1,2025-01-23T14:53:38-0600,2025-01-23T20:15:04-0600,0,5
/ESH5,,3874,3873,1,2025-01-24T08:57:50-0600,2025-01-24T09:03:40-0600,0,175
/MESH5,,3872,3869,1,2025-01-24T10:57:04-0600,2025-01-24T11:06:53-0600,0,-0.83
/MESH5,,3871,3869,1,2025-01-24T10:57:30-0600,2025-01-24T11:06:53-0600,0,-0.83
/MESH5,,3870,3869,1,2025-01-24T11:02:45-0600,2025-01-24T11:06:53-0600,0,-0.83
/MESH5,,3868,3864,1,2025-01-29T08:21:38-0600,2025-01-29T13:41:26-0600,0,-53.12
/MESH5,,3867,3864,1,2025-01-29T08:31:34-0600,2025-01-29T13:41:26-0600,0,-53.12
/MESH5,,3866,3863,1,2025-01-29T09:22:32-0600,2025-01-29T13:47:08-0600,0,70.62
/MESH5,,3865,3863,1,2025-01-29T13:25:57-0600,2025-01-29T13:47:08-0600,0,70.62
/MESH5,,3862,3861,1,2025-01-29T14:28:10-0600,2025-01-29T14:30:00-0600,0,28.75
/MESH5,,3860,3856,1,2025-01-31T12:47:34-0600,2025-01-31T15:44:19-0600,0,-217.5
/MESH5,,3859,3855,1,2025-01-31T12:48:38-0600,2025-01-31T15:58:30-0600,0,-232.5
/MNQH5,,3853,3852,1,2025-02-02T18:20:04-0600,2025-02-02T18:27:42-0600,0,32.5
/MESH5,,3858,3851,1,2025-01-31T12:51:00-0600,2025-02-02T22:13:59-0600,0,-611.25
/MESH5,,3857,3850,1,2025-01-31T13:53:35-0600,2025-02-02T22:24:27-0600,0,-602.5
/MESH5,,3849,3848,1,2025-02-02T22:30:43-0600,2025-02-02T22:33:12-0600,0,23.75
/MESH5,,3847,3846,1,2025-02-02T22:42:38-0600,2025-02-02T22:45:16-0600,0,0
/MNQH5,,3842,3841,1,2025-02-02T23:54:13-0600,2025-02-02T23:56:23-0600,0,3.5
/MNQH5,,3840,3839,1,2025-02-02T23:57:26-0600,2025-02-03T00:15:42-0600,0,48
/MESH5,,3845,3838,1,2025-02-02T22:50:42-0600,2025-02-03T00:48:12-0600,0,-52.5
/MESH5,,3844,3838,1,2025-02-02T22:53:31-0600,2025-02-03T00:48:12-0600,0,-52.5
/MESH5,,3843,3838,1,2025-02-02T22:55:08-0600,2025-02-03T00:48:12-0600,0,-52.5
/MESH5,,3837,3836,1,2025-02-03T11:44:40-0600,2025-02-03T11:51:47-0600,0,-27.5
/MESH5,,3835,3833,1,2025-02-03T12:52:11-0600,2025-02-03T12:54:12-0600,0,3.12
/MESH5,,3834,3833,1,2025-02-03T12:52:29-0600,2025-02-03T12:54:12-0600,0,3.12
/MNQH5,,3830,3828,1,2025-02-03T17:48:30-0600,2025-02-04T08:58:25-0600,0,-5.75
/MNQH5,,3829,3828,1,2025-02-03T17:49:04-0600,2025-02-04T08:58:25-0600,0,-5.75
/MNQH5,,3827,3826,1,2025-02-04T09:00:43-0600,2025-02-04T09:04:47-0600,0,31
/MESH5,,3831,3825,1,2025-02-03T17:45:01-0600,2025-02-04T09:38:55-0600,0,-2.5
/MESH5,,3832,3825,1,2025-02-03T17:45:01-0600,2025-02-04T09:38:55-0600,0,-2.5
/MNQH5,,3822,3821,1,2025-02-04T11:07:45-0600,2025-02-04T11:30:05-0600,0,176
/MESH5,,3824,3819,1,2025-02-04T10:55:56-0600,2025-02-04T11:31:52-0600,0,88.75
/MESH5,,3823,3820,1,2025-02-04T10:56:30-0600,2025-02-04T11:31:52-0600,0,77.5
/MESH5,,3818,3817,1,2025-02-04T12:42:00-0600,2025-02-04T12:50:18-0600,0,-12.5
/MESH5,,3816,3814,1,2025-02-04T12:51:43-0600,2025-02-04T13:05:44-0600,0,-13.12
/MESH5,,3815,3814,1,2025-02-04T12:52:23-0600,2025-02-04T13:05:44-0600,0,-13.12
/MESH5,,3813,3810,1,2025-02-04T13:07:36-0600,2025-02-04T13:50:54-0600,0,1.25
/MESH5,,3812,3811,1,2025-02-04T13:12:20-0600,2025-02-04T13:50:54-0600,0,-13.75
/MESH5,,3809,3808,1,2025-02-04T13:51:23-0600,2025-02-04T13:52:19-0600,0,-8.75
/MNQH5,,3807,3805,1,2025-02-04T13:57:16-0600,2025-02-04T14:04:48-0600,0,39
/MESH5,,3806,3803,1,2025-02-04T14:00:23-0600,2025-02-04T14:07:42-0600,0,-20
/MNQH5,,3804,3802,1,2025-02-04T14:05:49-0600,2025-02-04T14:14:10-0600,0,-42.5
/MESH5,,3801,3800,1,2025-02-05T08:20:49-0600,2025-02-05T08:26:04-0600,0,-12.5
/MESH5,,3799,3796,1,2025-02-05T08:28:00-0600,2025-02-05T08:36:33-0600,0,-16.25
/MESH5,,3798,3796,1,2025-02-05T08:28:34-0600,2025-02-05T08:36:33-0600,0,-16.25
/MESH5,,3797,3795,1,2025-02-05T08:35:21-0600,2025-02-05T08:36:48-0600,0,-18.75
/MESH5,,3794,3791,1,2025-02-05T08:37:54-0600,2025-02-05T08:50:56-0600,0,2.92
/MESH5,,3793,3791,1,2025-02-05T08:38:07-0600,2025-02-05T08:50:56-0600,0,2.92
/MESH5,,3792,3791,1,2025-02-05T08:40:44-0600,2025-02-05T08:50:56-0600,0,2.92
/MESH5,,3790,3787,1,2025-02-05T08:51:33-0600,2025-02-05T08:54:34-0600,0,5.83
/MESH5,,3789,3787,1,2025-02-05T08:52:01-0600,2025-02-05T08:54:34-0600,0,5.83
/MESH5,,3788,3787,1,2025-02-05T08:52:33-0600,2025-02-05T08:54:34-0600,0,5.83
/MESH5,,3786,3785,1,2025-02-05T08:55:36-0600,2025-02-05T08:57:31-0600,0,26.25
/MESH5,,3784,3781,1,2025-02-05T09:04:42-0600,2025-02-05T09:07:49-0600,0,21.25
/MESH5,,3783,3782,1,2025-02-05T09:05:01-0600,2025-02-05T09:07:49-0600,0,26.25
/MESH5,,3780,3779,1,2025-02-05T09:08:13-0600,2025-02-05T09:09:54-0600,0,1.25
/MESH5,,3778,3775,1,2025-02-05T19:08:48-0600,2025-02-05T21:00:52-0600,0,-18.75
/MESH5,,3777,3772,1,2025-02-05T19:11:53-0600,2025-02-05T22:13:48-0600,0,-15
/MESH5,,3776,3773,1,2025-02-05T19:33:10-0600,2025-02-05T22:13:48-0600,0,-20
/MESH5,,3774,3771,1,2025-02-05T21:14:24-0600,2025-02-05T22:14:28-0600,0,-17.5
/MESH5,,3770,3768,1,2025-02-05T22:19:46-0600,2025-02-05T22:28:03-0600,0,-8.75
/MNQH5,,3769,3767,1,2025-02-05T22:24:09-0600,2025-02-05T22:50:15-0600,0,-28
/MNQH5,,3766,3764,1,2025-02-06T01:42:13-0600,2025-02-06T02:16:24-0600,0,42
/MESH5,,3765,3763,1,2025-02-06T01:54:37-0600,2025-02-06T02:28:25-0600,0,-15
/MESH5,,3762,3760,1,2025-02-06T14:13:30-0600,2025-02-06T14:31:02-0600,0,41.25
/MESH5,,3761,3759,1,2025-02-06T14:14:14-0600,2025-02-06T14:33:10-0600,0,30
/MNQH5,,3756,3755,1,2025-02-07T11:35:41-0600,2025-02-07T11:45:49-0600,0,93
/MESH5,,3758,3753,1,2025-02-07T11:30:00-0600,2025-02-07T12:10:31-0600,0,82.5
/MESH5,,3757,3753,1,2025-02-07T11:32:19-0600,2025-02-07T12:10:31-0600,0,82.5
/MNQH5,,3754,3752,1,2025-02-07T11:49:47-0600,2025-02-07T12:43:10-0600,0,9
/MNQH5,,3751,3750,1,2025-02-09T22:49:15-0600,2025-02-09T23:27:15-0600,0,56
/MNQH5,,3749,3748,1,2025-02-10T08:54:51-0600,2025-02-10T09:05:23-0600,0,92
/MNQH5,,3747,3744,1,2025-02-10T17:20:20-0600,2025-02-10T20:54:27-0600,0,63
/MESH5,,3746,3743,1,2025-02-10T18:27:28-0600,2025-02-10T20:56:46-0600,0,35
/MESH5,,3745,3742,1,2025-02-10T18:36:57-0600,2025-02-10T21:16:42-0600,0,57.5
/MNQH5,,3740,3739,1,2025-02-10T22:03:13-0600,2025-02-10T23:04:02-0600,0,-20
/MESH5,,3741,3738,1,2025-02-10T21:58:02-0600,2025-02-10T23:04:13-0600,0,-15
/MNQH5,,3737,3736,1,2025-02-11T11:27:21-0600,2025-02-11T12:18:12-0600,0,10
/MNQH5,,3734,3733,1,2025-02-11T12:25:49-0600,2025-02-11T12:31:24-0600,0,-45
/MESH5,,3735,3732,1,2025-02-11T12:21:29-0600,2025-02-11T12:33:02-0600,0,-25
/MESH5,,3731,3730,1,2025-02-11T12:49:06-0600,2025-02-11T12:55:28-0600,0,23.75
/ESH5,,3729,3728,1,2025-02-11T12:57:30-0600,2025-02-11T13:04:29-0600,0,-75
/MNQH5,,3726,3725,1,2025-02-11T13:28:05-0600,2025-02-11T13:31:11-0600,0,-16
/MESH5,,3727,3723,1,2025-02-11T13:17:03-0600,2025-02-11T13:39:11-0600,0,-23.75
/MNQH5,,3724,3722,1,2025-02-11T13:32:40-0600,2025-02-11T13:39:13-0600,0,-14
/MESH5,,3721,3719,1,2025-02-12T07:05:38-0600,2025-02-12T07:30:06-0600,0,147.5
/MNQH5,,3720,3718,1,2025-02-12T07:23:25-0600,2025-02-12T07:30:27-0600,0,409
/MESH5,,3717,3716,1,2025-02-12T09:01:12-0600,2025-02-12T09:18:47-0600,0,5
/MESH5,,3715,3714,1,2025-02-12T09:19:10-0600,2025-02-12T09:19:20-0600,0,-1.25
/MNQH5,,3712,3711,1,2025-02-12T09:32:41-0600,2025-02-12T09:36:21-0600,0,-45.5
/MESH5,,3713,3708,1,2025-02-12T09:30:31-0600,2025-02-12T10:30:37-0600,0,55
/MESH5,,3710,3708,1,2025-02-12T09:37:35-0600,2025-02-12T10:30:37-0600,0,55
/MNQH5,,3709,3707,1,2025-02-12T09:40:54-0600,2025-02-12T10:32:29-0600,0,127
/MNQH5,,3706,3703,1,2025-02-12T12:54:09-0600,2025-02-12T13:55:38-0600,0,-70.5
/MNQH5,,3704,3701,1,2025-02-12T13:52:24-0600,2025-02-12T14:20:29-0600,0,8.5
/MNQH5,,3702,3700,1,2025-02-12T13:56:14-0600,2025-02-12T14:21:03-0600,0,29.5
/MESH5,,3705,3699,1,2025-02-12T13:00:19-0600,2025-02-12T14:43:59-0600,0,12.5
/MNQH5,,3698,3696,1,2025-02-12T18:41:27-0600,2025-02-12T19:38:13-0600,0,-47
/MESH5,,3697,3694,1,2025-02-12T18:41:56-0600,2025-02-13T02:24:00-0600,0,95
/MESH5,,3695,3693,1,2025-02-12T21:06:15-0600,2025-02-13T04:23:13-0600,0,67.5
/MESH5,,3692,3689,1,2025-02-13T07:42:49-0600,2025-02-13T07:53:45-0600,0,24.37
/MESH5,,3691,3689,1,2025-02-13T07:43:51-0600,2025-02-13T07:53:45-0600,0,24.37
/MNQH5,,3690,3688,1,2025-02-13T07:45:36-0600,2025-02-13T07:54:39-0600,0,23
/MESH5,,3687,3685,1,2025-02-13T08:10:50-0600,2025-02-13T08:56:56-0600,0,-20
/MESH5,,3686,3684,1,2025-02-13T08:24:01-0600,2025-02-13T08:59:24-0600,0,-16.25
/MESH5,,3683,3681,1,2025-02-13T09:10:02-0600,2025-02-13T09:17:36-0600,0,-42.5
/MESH5,,3682,3680,1,2025-02-13T09:15:55-0600,2025-02-13T09:17:46-0600,0,-22.5
/MESH5,,3679,3677,1,2025-02-13T09:18:28-0600,2025-02-13T09:43:12-0600,0,-75
/MESH5,,3678,3676,1,2025-02-13T09:19:10-0600,2025-02-13T09:43:36-0600,0,-72.5
/MNQH5,,3675,3674,1,2025-02-13T09:46:15-0600,2025-02-13T09:52:03-0600,0,23.5
/ESH5,,3673,3672,1,2025-02-13T10:44:33-0600,2025-02-13T10:50:21-0600,0,-87.5
/ESH5,,3670,3669,1,2025-02-13T10:57:06-0600,2025-02-13T10:58:10-0600,0,87.5
/MESH5,,3671,3668,1,2025-02-13T10:55:42-0600,2025-02-13T11:00:07-0600,0,11.25
/MESH5,,3667,3665,1,2025-02-13T11:02:02-0600,2025-02-13T11:46:16-0600,0,-31.25
/MESH5,,3666,3663,1,2025-02-13T11:04:36-0600,2025-02-13T12:13:17-0600,0,8.75
/MESH5,,3664,3662,1,2025-02-13T11:47:03-0600,2025-02-13T12:19:49-0600,0,82.5
/MESH5,,3661,3660,1,2025-02-13T12:36:11-0600,2025-02-13T12:58:38-0600,0,-35
/MESH5,,3659,3657,1,2025-02-13T13:00:13-0600,2025-02-13T13:04:18-0600,0,-22.5
/MNQH5,,3658,3656,1,2025-02-13T13:03:40-0600,2025-02-13T13:06:28-0600,0,-25.5
/MNQH5,,3654,3653,1,2025-02-18T08:53:51-0600,2025-02-18T08:59:13-0600,0,-31.5
/MESH5,,3655,3652,1,2025-02-18T08:53:13-0600,2025-02-18T09:00:54-0600,0,-37.5
/MESH5,,3651,3649,1,2025-02-19T07:55:10-0600,2025-02-19T09:04:33-0600,0,-30
/MNQH5,,3647,3645,1,2025-02-19T09:17:13-0600,2025-02-19T09:20:26-0600,0,-22
/MNQH5,,3646,3644,1,2025-02-19T09:19:33-0600,2025-02-19T09:21:00-0600,0,-15
/MNQH5,,3643,3641,1,2025-02-19T09:21:32-0600,2025-02-19T09:30:26-0600,0,58.25
/MNQH5,,3642,3641,1,2025-02-19T09:24:47-0600,2025-02-19T09:30:26-0600,0,58.25
/MNQH5,,3640,3638,1,2025-02-19T09:30:47-0600,2025-02-19T09:35:43-0600,0,-19
/MNQH5,,3639,3636,1,2025-02-19T09:32:19-0600,2025-02-19T09:55:04-0600,0,-12
/MNQH5,,3637,3635,1,2025-02-19T09:36:02-0600,2025-02-19T09:55:12-0600,0,33.5
/MESH5,,3651,3634,1,2025-02-19T07:55:10-0600,2025-02-19T09:55:29-0600,0,-1.25
/MESH5,,3650,3632,1,2025-02-19T07:57:01-0600,2025-02-19T10:37:20-0600,0,58.12
/MESH5,,3648,3632,1,2025-02-19T09:07:55-0600,2025-02-19T10:37:20-0600,0,58.12
/MNQH5,,3633,3631,1,2025-02-19T09:57:00-0600,2025-02-19T10:42:00-0600,0,148.5
/MNQH5,,3630,3629,1,2025-02-19T11:21:20-0600,2025-02-19T11:32:22-0600,0,35
/MNQH5,,3628,3626,1,2025-02-19T22:43:47-0600,2025-02-20T00:15:25-0600,0,-42.75
/MNQH5,,3627,3626,1,2025-02-19T22:44:51-0600,2025-02-20T00:15:25-0600,0,-42.75
/MNQH5,,3625,3623,1,2025-02-20T02:22:07-0600,2025-02-20T06:33:41-0600,0,62
/MNQH5,,3624,3623,1,2025-02-20T02:24:17-0600,2025-02-20T06:33:41-0600,0,62
/MNQH5,,3622,3621,1,2025-02-20T10:29:21-0600,2025-02-20T10:37:40-0600,0,-64.5
/MNQH5,,3619,3618,1,2025-02-20T11:00:58-0600,2025-02-20T11:57:08-0600,0,8
/MNQH5,,3617,3616,1,2025-02-20T12:07:45-0600,2025-02-20T12:21:21-0600,0,-26.5
/MESH5,,3620,3615,1,2025-02-20T10:59:55-0600,2025-02-20T12:23:48-0600,0,11.25
/MNQH5,,3614,3613,1,2025-02-20T14:27:30-0600,2025-02-20T14:57:23-0600,0,83.5
/MNQH5,,3612,3611,1,2025-02-21T08:40:45-0600,2025-02-21T08:50:31-0600,0,-30
/ESH5,,3610,3609,1,2025-02-21T08:51:58-0600,2025-02-21T08:56:33-0600,0,12.5
/ESH5,,3608,3607,1,2025-02-21T08:58:39-0600,2025-02-21T09:02:04-0600,0,12.5
/ESH5,,3606,3605,1,2025-02-21T09:03:10-0600,2025-02-21T09:05:06-0600,0,-75
/ESH5,,3604,3603,1,2025-02-21T09:05:15-0600,2025-02-21T09:09:32-0600,0,75
/ESH5,,3602,3601,1,2025-02-21T09:09:55-0600,2025-02-21T09:11:23-0600,0,137.5
/MNQH5,,3599,3598,1,2025-02-21T09:20:11-0600,2025-02-21T09:21:44-0600,0,-41
/MNQH5,,3597,3596,1,2025-02-21T09:23:22-0600,2025-02-21T09:24:14-0600,0,-37
/MNQH5,,3595,3592,1,2025-02-21T09:25:38-0600,2025-02-21T09:30:49-0600,0,7
/MNQH5,,3594,3592,1,2025-02-21T09:27:10-0600,2025-02-21T09:30:49-0600,0,7
/MNQH5,,3593,3592,1,2025-02-21T09:29:28-0600,2025-02-21T09:30:49-0600,0,7
/MNQH5,,3591,3588,1,2025-02-21T09:36:26-0600,2025-02-21T09:48:53-0600,0,21.25
/MNQH5,,3590,3588,1,2025-02-21T09:44:45-0600,2025-02-21T09:48:53-0600,0,21.25
/MNQH5,,3587,3586,1,2025-02-21T09:49:50-0600,2025-02-21T09:54:43-0600,0,-32.5
/MNQH5,,3585,3582,1,2025-02-21T09:55:22-0600,2025-02-21T09:59:59-0600,0,62.5
/MNQH5,,3584,3583,1,2025-02-21T09:55:53-0600,2025-02-21T09:59:59-0600,0,75
/ESH5,,3600,3581,1,2025-02-21T09:13:10-0600,2025-02-21T10:38:57-0600,0,-50
/ESH5,,3589,3581,1,2025-02-21T09:46:39-0600,2025-02-21T10:38:57-0600,0,-50
/MESH5,,3580,3574,1,2025-02-21T10:40:34-0600,2025-02-21T12:14:06-0600,0,-233.75
/MNQH5,,3579,3569,1,2025-02-21T10:41:46-0600,2025-02-23T19:55:15-0600,0,111
/MNQH5,,3578,3568,1,2025-02-21T10:49:18-0600,2025-02-24T01:45:05-0600,0,117.5
/ESH5,,3576,3567,1,2025-02-21T11:09:03-0600,2025-02-24T02:07:48-0600,0,1050
/MESH5,,3577,3566,1,2025-02-21T11:06:15-0600,2025-02-24T02:09:21-0600,0,87.5
/MESH5,,3575,3565,1,2025-02-21T11:18:05-0600,2025-02-24T05:00:02-0600,0,138.75
/MESH5,,3573,3564,1,2025-02-21T12:18:13-0600,2025-02-24T05:00:03-0600,0,136.25
/MESH5,,3563,3562,1,2025-02-24T08:31:53-0600,2025-02-24T08:35:10-0600,0,-18.75
/MESH5,,3561,3559,1,2025-02-24T08:38:31-0600,2025-02-24T08:43:14-0600,0,-20
/MESH5,,3560,3558,1,2025-02-24T08:40:48-0600,2025-02-24T08:43:17-0600,0,-23.75
/MESH5,,3557,3555,1,2025-02-24T08:44:56-0600,2025-02-24T08:46:02-0600,0,6.25
/MESH5,,3556,3555,1,2025-02-24T08:45:47-0600,2025-02-24T08:46:02-0600,0,6.25
/MESH5,,3554,3550,1,2025-02-24T08:47:15-0600,2025-02-24T08:52:29-0600,0,-21.25
/MESH5,,3553,3551,1,2025-02-24T08:48:15-0600,2025-02-24T08:52:29-0600,0,-44.37
/MESH5,,3552,3551,1,2025-02-24T08:51:34-0600,2025-02-24T08:52:29-0600,0,-44.37
/MESH5,,3549,3547,1,2025-02-24T08:54:32-0600,2025-02-24T08:58:24-0600,0,-33.75
/MESH5,,3548,3547,1,2025-02-24T08:56:49-0600,2025-02-24T08:58:24-0600,0,-33.75
/MESH5,,3546,3545,1,2025-02-24T09:00:23-0600,2025-02-24T09:00:49-0600,0,-12.5
/MESH5,,3544,3543,1,2025-02-24T09:11:44-0600,2025-02-24T09:14:00-0600,0,22.5
/MNQH5,,3542,3541,1,2025-02-24T09:18:45-0600,2025-02-24T09:23:25-0600,0,12.5
/MNQH5,,3540,3538,1,2025-02-24T09:25:21-0600,2025-02-24T09:34:35-0600,0,-56.25
/MNQH5,,3539,3538,1,2025-02-24T09:30:25-0600,2025-02-24T09:34:35-0600,0,-56.25
/MNQH5,,3537,3536,1,2025-02-24T09:35:11-0600,2025-02-24T09:36:52-0600,0,-33
/MNQH5,,3535,3534,1,2025-02-24T09:40:03-0600,2025-02-24T09:46:06-0600,0,-50
/MNQH5,,3533,3532,1,2025-02-24T09:48:48-0600,2025-02-24T09:49:02-0600,0,23
/ESH5,,3531,3530,1,2025-02-24T09:50:39-0600,2025-02-24T09:52:04-0600,0,-137.5
/ESH5,,3528,3527,1,2025-02-24T10:33:09-0600,2025-02-24T10:42:30-0600,0,25
/ESH5,,3525,3524,1,2025-02-24T10:43:00-0600,2025-02-24T10:43:17-0600,0,62.5
/ESH5,,3526,3524,1,2025-02-24T10:43:00-0600,2025-02-24T10:43:17-0600,0,62.5
/MNQH5,,3522,3521,1,2025-02-24T10:47:22-0600,2025-02-24T10:50:00-0600,0,-17.5
/MNQH5,,3520,3518,1,2025-02-24T10:50:41-0600,2025-02-24T10:56:52-0600,0,-33.75
/MNQH5,,3519,3518,1,2025-02-24T10:51:06-0600,2025-02-24T10:56:52-0600,0,-33.75
/MNQH5,,3517,3514,1,2025-02-24T10:57:22-0600,2025-02-24T11:00:20-0600,0,20
/MNQH5,,3516,3515,1,2025-02-24T10:59:19-0600,2025-02-24T11:00:20-0600,0,-1
/MNQH5,,3513,3511,1,2025-02-24T11:04:00-0600,2025-02-24T11:05:20-0600,0,14.25
/MNQH5,,3512,3511,1,2025-02-24T11:04:39-0600,2025-02-24T11:05:20-0600,0,14.25
/MESH5,,3529,3510,1,2025-02-24T10:31:14-0600,2025-02-24T11:10:26-0600,0,7.5
/MESH5,,3523,3510,1,2025-02-24T10:43:46-0600,2025-02-24T11:10:26-0600,0,7.5
/MNQH5,,3509,3507,1,2025-02-24T12:19:21-0600,2025-02-24T12:33:10-0600,0,-20.5
/MNQH5,,3508,3507,1,2025-02-24T12:23:26-0600,2025-02-24T12:33:10-0600,0,-20.5
/ESH5,,3503,3502,1,2025-02-24T15:07:44-0600,2025-02-24T15:09:50-0600,0,125
/ESH5,,3501,3500,1,2025-02-24T15:10:34-0600,2025-02-24T15:12:05-0600,0,25
/MESH5,,3498,3497,1,2025-02-25T08:28:10-0600,2025-02-25T08:31:05-0600,0,-35
/MESH5,,3496,3495,1,2025-02-25T08:32:13-0600,2025-02-25T08:33:55-0600,0,-41.25
/MESH5,,3494,3493,1,2025-02-25T08:44:31-0600,2025-02-25T08:45:13-0600,0,-26.25
/MESH5,,3492,3491,1,2025-02-25T09:45:50-0600,2025-02-25T09:51:04-0600,0,17.5
/ESH5,,3490,3489,1,2025-02-25T10:47:46-0600,2025-02-25T10:48:24-0600,0,100
/MESH5,,3487,3486,1,2025-02-25T12:07:38-0600,2025-02-25T12:13:51-0600,0,-40
/MNQH5,,3506,3485,1,2025-02-24T13:05:14-0600,2025-02-25T12:18:45-0600,0,-269.87
/MNQH5,,3505,3485,1,2025-02-24T13:18:50-0600,2025-02-25T12:18:45-0600,0,-269.87
/MNQH5,,3504,3485,1,2025-02-24T14:16:26-0600,2025-02-25T12:18:45-0600,0,-269.87
/MNQH5,,3488,3485,1,2025-02-25T10:51:59-0600,2025-02-25T12:18:45-0600,0,-269.87
/MESH5,,3484,3483,1,2025-02-25T12:24:54-0600,2025-02-25T12:26:17-0600,0,-13.75
/MESH5,,3482,3480,1,2025-02-25T12:32:18-0600,2025-02-25T12:43:03-0600,0,74.37
/MESH5,,3481,3480,1,2025-02-25T12:33:44-0600,2025-02-25T12:43:03-0600,0,74.37
/MESH5,,3479,3478,1,2025-02-25T12:44:00-0600,2025-02-25T12:50:34-0600,0,-17.5
/ESH5,,3475,3474,1,2025-02-25T15:05:46-0600,2025-02-25T15:20:01-0600,0,12.5
/MESH5,,3477,3473,1,2025-02-25T14:58:30-0600,2025-02-25T15:23:50-0600,0,38.12
/MESH5,,3476,3473,1,2025-02-25T14:59:35-0600,2025-02-25T15:23:50-0600,0,38.12
/ESH5,,3472,3471,1,2025-02-25T15:25:37-0600,2025-02-25T15:34:19-0600,0,-100
/MNQH5,,3467,3466,1,2025-02-25T21:23:02-0600,2025-02-26T02:08:24-0600,0,61
/MESH5,,3470,3464,1,2025-02-25T15:36:44-0600,2025-02-26T05:13:55-0600,0,161.25
/MESH5,,3469,3464,1,2025-02-25T15:44:38-0600,2025-02-26T05:13:55-0600,0,161.25
/MNQH5,,3465,3463,1,2025-02-26T03:41:38-0600,2025-02-26T05:53:07-0600,0,-26
/MNQH5,,3462,3457,1,2025-02-26T08:21:12-0600,2025-02-26T08:54:17-0600,0,138
/MNQH5,,3460,3457,1,2025-02-26T08:32:21-0600,2025-02-26T08:54:17-0600,0,138
/MNQH5,,3459,3458,1,2025-02-26T08:45:12-0600,2025-02-26T08:54:17-0600,0,81
/MESH5,,3461,3456,1,2025-02-26T08:24:00-0600,2025-02-26T08:56:24-0600,0,43.75
/MNQH5,,3455,3454,1,2025-02-26T08:57:09-0600,2025-02-26T09:00:44-0600,0,63
/MNQH5,,3452,3450,1,2025-02-26T09:10:46-0600,2025-02-26T09:28:01-0600,0,6.5
/MNQH5,,3451,3450,1,2025-02-26T09:13:22-0600,2025-02-26T09:28:01-0600,0,6.5
/MESH5,,3453,3449,1,2025-02-26T09:08:51-0600,2025-02-26T09:29:25-0600,0,18.75
/MNQH5,,3448,3447,1,2025-02-26T09:31:37-0600,2025-02-26T09:36:08-0600,0,14
/MNQH5,,3446,3445,1,2025-02-26T10:54:54-0600,2025-02-26T10:57:04-0600,0,-53
/MESH5,,3444,3442,1,2025-02-26T11:37:33-0600,2025-02-26T11:47:12-0600,0,-40
/MNQH5,,3443,3439,1,2025-02-26T11:39:33-0600,2025-02-26T11:52:12-0600,0,-110
/ESH5,,3434,3433,1,2025-02-26T13:08:55-0600,2025-02-26T13:14:49-0600,0,225
/ESH5,,3432,3431,1,2025-02-26T13:16:08-0600,2025-02-26T13:18:17-0600,0,325
/ESH5,,3430,3429,1,2025-02-26T13:24:20-0600,2025-02-26T13:32:50-0600,0,200
/MNQH5,,3438,3428,1,2025-02-26T11:54:04-0600,2025-02-26T14:25:27-0600,0,-254
/MNQH5,,3436,3427,1,2025-02-26T12:11:26-0600,2025-02-26T14:39:11-0600,0,-158
/MNQH5,,3435,3426,1,2025-02-26T12:42:35-0600,2025-02-26T14:45:30-0600,0,163.5
/MESH5,,3441,3425,1,2025-02-26T11:48:36-0600,2025-02-26T14:48:14-0600,0,-95
/MESH5,,3440,3424,1,2025-02-26T11:51:01-0600,2025-02-26T15:20:41-0600,0,-5
/MESH5,,3437,3422,1,2025-02-26T11:55:04-0600,2025-02-26T17:00:00-0600,0,53.75
/MNQH5,,3420,3418,1,2025-02-27T08:14:16-0600,2025-02-27T08:37:02-0600,0,-53.75
/MNQH5,,3419,3418,1,2025-02-27T08:15:08-0600,2025-02-27T08:37:02-0600,0,-53.75
/MNQH5,,3417,3416,1,2025-02-27T08:40:27-0600,2025-02-27T08:42:14-0600,0,151.5
/MESH5,,3421,3415,2,2025-02-27T07:05:15-0600,2025-02-27T08:43:22-0600,0,123.75
/MESH5,,3414,3411,1,2025-02-27T09:32:56-0600,2025-02-27T09:56:28-0600,0,41.25
/MESH5,,3413,3409,1,2025-02-27T09:35:55-0600,2025-02-27T09:59:08-0600,0,95
/MESH5,,3412,3410,1,2025-02-27T09:47:26-0600,2025-02-27T09:59:08-0600,0,18.75
/MESH5,,3408,3406,1,2025-02-27T11:59:14-0600,2025-02-27T12:00:12-0600,0,-30
/MESH5,,3407,3403,1,2025-02-27T12:00:08-0600,2025-02-27T12:59:15-0600,0,-10
/MESH5,,3405,3402,1,2025-02-27T12:02:14-0600,2025-02-27T13:08:38-0600,0,61.25
/MESH5,,3404,3402,1,2025-02-27T12:26:08-0600,2025-02-27T13:08:38-0600,0,61.25
/MESH5,,3401,3399,1,2025-02-28T07:27:57-0600,2025-02-28T07:30:08-0600,0,-25.62
/MESH5,,3400,3399,1,2025-02-28T07:28:48-0600,2025-02-28T07:30:08-0600,0,-25.62
/MNQH5,,3396,3395,1,2025-02-28T08:32:12-0600,2025-02-28T08:32:41-0600,0,50
/MESH5,,3398,3393,1,2025-02-28T07:35:54-0600,2025-02-28T08:33:46-0600,0,160
/MESH5,,3397,3392,1,2025-02-28T07:38:19-0600,2025-02-28T08:34:37-0600,0,188.75
/MNQH5,,3394,3391,1,2025-02-28T08:33:23-0600,2025-02-28T08:35:16-0600,0,-37.5
/MNQH5,,3390,3389,1,2025-02-28T08:38:30-0600,2025-02-28T08:39:17-0600,0,-20
/MNQH5,,3388,3386,1,2025-02-28T08:39:39-0600,2025-02-28T08:41:03-0600,0,23.5
/MNQH5,,3387,3382,1,2025-02-28T08:41:02-0600,2025-02-28T08:55:11-0600,0,-28.5
/MNQH5,,3385,3381,1,2025-02-28T08:42:11-0600,2025-02-28T08:57:43-0600,0,-21
/MNQH5,,3384,3380,1,2025-02-28T08:42:49-0600,2025-02-28T08:59:24-0600,0,41
/MNQH5,,3383,3379,1,2025-02-28T08:51:16-0600,2025-02-28T09:00:00-0600,0,57.5
/MNQH5,,3378,3376,1,2025-02-28T09:03:55-0600,2025-02-28T09:07:18-0600,0,-97.25
/MNQH5,,3377,3376,1,2025-02-28T09:04:34-0600,2025-02-28T09:07:18-0600,0,-97.25
/MESH5,,3373,3372,1,2025-02-28T09:11:58-0600,2025-02-28T09:14:09-0600,0,-28.75
/MESH5,,3371,3370,1,2025-02-28T09:14:48-0600,2025-02-28T09:23:18-0600,0,6.25
/MESH5,,3369,3368,1,2025-02-28T09:23:56-0600,2025-02-28T09:24:32-0600,0,-18.75
/MESH5,,3365,3364,1,2025-02-28T09:55:15-0600,2025-02-28T09:58:02-0600,0,-27.5
/MNQH5,,3375,3362,1,2025-02-28T09:08:40-0600,2025-02-28T10:16:11-0600,0,-91.5
/MNQH5,,3374,3361,1,2025-02-28T09:09:13-0600,2025-02-28T10:16:20-0600,0,-58
/MNQH5,,3367,3360,1,2025-02-28T09:27:19-0600,2025-02-28T10:16:26-0600,0,122.5
/MNQH5,,3366,3359,1,2025-02-28T09:33:29-0600,2025-02-28T10:16:27-0600,0,192
/MESH5,,3363,3358,1,2025-02-28T09:58:31-0600,2025-02-28T10:21:07-0600,0,55
/MESH5,,3357,3355,1,2025-02-28T10:26:32-0600,2025-02-28T10:37:01-0600,0,-54.37
/MESH5,,3356,3355,1,2025-02-28T10:27:07-0600,2025-02-28T10:37:01-0600,0,-54.37
/MESH5,,3354,3352,1,2025-02-28T10:37:31-0600,2025-02-28T11:00:23-0600,0,33.75
/MESH5,,3353,3351,1,2025-02-28T10:40:10-0600,2025-02-28T11:00:38-0600,0,17.5
/ESH5,,3350,3348,1,2025-02-28T11:04:38-0600,2025-02-28T11:23:32-0600,0,-75
/ESH5,,3349,3347,1,2025-02-28T11:13:54-0600,2025-02-28T11:23:47-0600,0,212.5
/MNQH5,,3344,3343,1,2025-03-03T08:30:37-0600,2025-03-03T08:30:44-0600,0,-24
/MNQH5,,3342,3340,1,2025-03-03T08:31:37-0600,2025-03-03T08:35:57-0600,0,9
/MNQH5,,3341,3340,1,2025-03-03T08:32:23-0600,2025-03-03T08:35:57-0600,0,9
/MESH5,,3346,3337,1,2025-03-03T08:06:08-0600,2025-03-03T08:38:32-0600,0,-67.5
/MESH5,,3345,3336,1,2025-03-03T08:13:55-0600,2025-03-03T08:39:30-0600,0,-67.5
/MESH5,,3334,3333,1,2025-03-03T08:40:34-0600,2025-03-03T08:41:35-0600,0,-22.5
/MESH5,,3332,3331,1,2025-03-03T08:42:12-0600,2025-03-03T08:43:00-0600,0,-25
/MNQH5,,3339,3330,1,2025-03-03T08:37:05-0600,2025-03-03T08:45:16-0600,0,-241
/MNQH5,,3338,3327,1,2025-03-03T08:37:29-0600,2025-03-03T08:49:32-0600,0,-162.25
/MNQH5,,3335,3327,1,2025-03-03T08:39:55-0600,2025-03-03T08:49:32-0600,0,-162.25
/MESH5,,3329,3328,1,2025-03-03T08:46:53-0600,2025-03-03T08:49:32-0600,0,-35
/MESH5,,3326,3322,1,2025-03-03T08:50:24-0600,2025-03-03T08:55:32-0600,0,-32.5
/MESH5,,3325,3323,1,2025-03-03T08:52:15-0600,2025-03-03T08:55:32-0600,0,-35
/MNQH5,,3324,3321,1,2025-03-03T08:54:42-0600,2025-03-03T08:56:21-0600,0,-78
/MNQH5,,3318,3317,1,2025-03-03T09:03:46-0600,2025-03-03T09:09:01-0600,0,-17.5
/MESH5,,3320,3314,1,2025-03-03T09:00:57-0600,2025-03-03T09:34:19-0600,0,85.62
/MESH5,,3319,3314,1,2025-03-03T09:02:06-0600,2025-03-03T09:34:19-0600,0,85.62
/MNQH5,,3316,3312,1,2025-03-03T09:24:11-0600,2025-03-03T09:36:45-0600,0,-14.5
/MNQH5,,3315,3313,1,2025-03-03T09:33:10-0600,2025-03-03T09:36:45-0600,0,71
/MNQH5,,3311,3307,1,2025-03-03T09:39:37-0600,2025-03-03T09:47:00-0600,0,-34.25
/MNQH5,,3309,3307,1,2025-03-03T09:42:32-0600,2025-03-03T09:47:00-0600,0,-34.25
/MNQH5,,3306,3302,1,2025-03-03T09:48:06-0600,2025-03-03T09:53:43-0600,0,45.75
